3078 5054
780 574 938 631 -44-

306 699 396 763 modo
422 699 581 779 «insupm
603 698 735 762 dantis»
752 715 760 761 :
779 699 924 762 «addere
937 701 1018 762 douo
1032 699 1168 780 patu»
1186 698 1249 781 (ΡΙ.
1264 698 1363 782 Epid.
1383 708 1412 765 3.

306 802 335 859 4.
359 797 418 877 tt).
435 830 476 843 -
492 819 507 853 e
522 796 652 860 Nostran
675 797 764 877 eulpa
785 801 850 861 east
871 812 911 859 44
933 798 1082 878 iudicum,
1105 799 1159 879 qui
1184 814 1271 878 saepe
1289 802 1416 879 propter

219 896 223 905 ⁴
307 896 456 959 inuidiam
470 895 607 958 adimunt
619 894 721 965 diuiti,
735 899 790 958 aut
810 899 932 975 propter
945 896 1183 981 misericordiam
1197 896 1319 958 udduut
1335 914 1415 976 pau-

306 995 370 1074 peri
394 1017 409 1050 »
435 994 610 1073 (Terentius,
636 992 782 1055 Pdorrur'e
802 1000 831 1055 2.
859 999 887 1055 4.
914 999 952 1056 ti
970 995 1018 1057 ed.
1044 993 1269 1075 Umpienbaeht.
1297 992 1359 1057 Sed
1382 996 1414 1058 in

306 1093 356 1154 his
375 1093 466 1155 etiam
485 1090 567 1152 addo
588 1091 747 1172 adjiciendi
769 1091 981 1172 potiusquam
1001 1090 1095 1154 dandi
1112 1092 1294 1155 vocabulum
1317 1093 1416 1174 possit

306 1190 413 1267 videri,
430 1190 605 1269 donumque
622 1189 720 1269 magis
744 1189 908 1254 subaudire
921 1206 1012 1270 quam
1026 1190 1204 1269 exprimere.

346 1286 542 1352 Girrumdure
571 1303 634 1350 non
662 1289 709 1349 est
743 1303 812 1350 rere
847 1289 1058 1368 compositum,
1083 1288 1137 1350 sod
1169 1288 1414 1369 juxtapositum3

305 1388 354 1452 sin
374 1391 480 1450 eontra
493 1389 614 1450 sonaret
626 1384 1058 1449 *eirarmdere-*rireumditua
1073 1384 1177 1459 Quoad
1191 1401 1329 1464 sensum,
1345 1387 1415 1451 vide

306 1485 387 1548 inira
400 1483 415 1565 ἓ
428 1491 478 1547 22.

345 1583 410 1667 §a
434 1580 590 1646 Condere:
613 1582 809 1657 συν-τιθέντος,
835 1598 899 1644 444
922 1583 1127 1661 uuistuom
1152 1605 1167 1638 4
1192 1583 1413 1663 oomponentis,

307 1696 378 1757 uua,
394 1681 487 1743 simul
501 1681 653 1760 ponentis,
669 1703 685 1736 a
702 1696 755 1743 seu
771 1681 893 1760 proprio
904 1696 1006 1759 seusu,
1020 1697 1074 1743 seu
1088 1680 1242 1743 translato.

346 1784 376 1842 i⁰
390 1776 515 1858 Proprie
535 1795 542 1838 :
557 1800 572 1833 e
588 1776 685 1840 Minas
699 1778 816 1858 nigenii
829 1778 906 1840 mihi
919 1778 982 1855 dat,
997 1779 1111 1858 aecipio
1126 1779 1244 1842 lubens.
1259 1778 1366 1842 Corde
1381 1778 1414 1840 in

307 1892 521 1939 crumenam»
545 1874 598 1954 (Pl.
621 1875 1031 1954 immidingorum.
1056 1874 1209 1956 Spengel).
1234 1910 1275 1923 -
1299 1875 1414 1957 equod

307 1978 447 2037 mustum
481 1973 622 2036 tonditur
650 1973 682 2034 in
711 1973 826 2035 dolium
853 1996 867 2030 r
900 1971 1014 2052 (Varro,
1044 1973 1091 2036 De
1116 1991 1150 2035 re
1175 1977 1290 2037 rustice
1316 1972 1332 2036 Ι
1363 1979 1413 2050 65,

305 2073 338 2134 in
370 2070 574 2150 Seriptorihus
607 2071 652 2133 rei
686 2071 832 2149 rusticae,
865 2071 913 2134 ed.
947 2069 1114 2134 Schneider
1138 2070 1177 2151 Ι).
1207 2104 1247 2118 --
1277 2094 1292 2127 e
1318 2087 1412 2153 quem

306 2169 405 2232 multa
424 2169 457 2231 iu
478 2168 559 2231 toliis
583 2169 686 2232 avium
710 2185 744 2232 so
773 2168 869 2231 millia
891 2168 1065 2231 eorrduut»
1100 2167 1201 2250 (Vtrp.
1237 2168 1347 2249 Georp.
1382 2174 1410 2231 4.

308 2271 366 2331 473
397 2268 444 2329 ed.
475 2264 628 2347 Bennist);
660 2268 724 2330 usi
747 2267 871 2347 proprio
896 2266 1035 2328 coadidit
1057 2267 1166 2329 horreo
1192 2266 1345 2347 quidquid
1377 2266 1415 2327 de

306 2365 425 2446 Libyeis
438 2365 567 2428 verritur
579 2366 658 2428 areis
677 2388 692 2421 r
709 2363 819 2437 (Horat.
836 2363 891 2429 Od.
908 2363 932 2426 1.
949 2367 977 2425 4.
997 2373 1014 2428 9
1028 2365 1075 2428 ed.
1092 2364 1207 2444 Orelli).
1223 2398 1264 2411 -
1279 2387 1294 2420 «
1308 2364 1413 2428 Corde

306 2467 335 2523 et
357 2476 497 2539 ermperto
518 2475 595 2539 qnae
612 2476 680 2522 mox
704 2460 877 2539 depromere
890 2461 1007 2540 possim
1022 2483 1037 2517 4
1053 2460 1101 2538 (id.
1115 2460 1211 2540 Epist.
1229 2465 1257 2522 4.
1275 2465 1303 2522 4.
1322 2460 1383 2539 int.
1511 2464 1512 2485 ³

307 2630 309 2633 ¹
346 2559 435 2637 Hine,
452 2574 521 2620 eum
534 2556 625 2620 verbo
640 2581 655 2614 e
670 2557 776 2620 abdere
792 2582 806 2616 u
821 2559 854 2621 in
874 2557 1110 2638 designationem
1132 2559 1312 2621 occultantis
1329 2558 1414 2621 eoin-

306 2656 380 2720 eidit
395 2655 580 2736 (praesertim
591 2655 623 2717 in
637 2656 801 2735 composito
814 2655 1017 2735 edereedere)
1036 2675 1047 2717 :
1063 2679 1077 2711 «
1093 2653 1248 2735 Quidquid
1262 2655 1319 2719 sub
1333 2660 1413 2720 terra

307 2757 363 2831 est,
388 2755 421 2816 in
444 2753 583 2833 apricum
599 2752 733 2833 proferet
750 2756 852 2833 aetas3
877 2752 1006 2817 defodiet
1027 2753 1195 2834 condetque
1214 2753 1343 2817 nitentia
1364 2752 1410 2831 tid.

306 2852 400 2931 Epist.
419 2857 446 2913 4.
465 2855 494 2913 6.
511 2851 570 2931 24).
883 2886 888 2905 ·
1081 2872 1089 2887 ·

325 2974 329 2983 ·
345 2956 377 3012 2ο
397 2947 556 3012 Translate
578 2966 668 3013 sensu
685 2966 693 3012 :
711 2971 726 3006 4
742 2950 770 3012 si
781 2950 850 3030 quis
864 2949 1080 3013 oooentavisset
1092 2951 1158 3013 sive
1171 2965 1292 3012 tarmen
1305 2948 1411 3010 eordi-

306 3048 398 3110 dirset
421 3048 536 3127 uffae.
556 3048 628 3129 Lep.
654 3046 771 3129 XlIep.
797 3047 858 3110 Cio.
885 3049 1023 3128 Respuit.
1048 3052 1079 3110 4.
1104 3054 1141 3111 to
1166 3048 1213 3110 ed.
1238 3045 1357 3128 Orelli).
1373 3079 1411 3091 -

308 3168 323 3201 4
346 3144 495 3209 Romulus
516 3146 642 3225 excipiet
662 3151 779 3227 gentem
800 3149 830 3210 et
852 3149 1000 3210 mavortia
1023 3146 1130 3208 eoudet
1143 3145 1287 3208 moenia»
1307 3144 1408 3223 (Vtrp.

308 3244 371 3307 Eu.
388 3248 417 3305 4.
434 3250 491 3307 276
505 3244 553 3306 ed.
569 3244 715 3325 Benoist).

345 3341 429 3422 §ta
464 3337 628 3404 Dedere:
655 3359 763 3423 ponere
791 3342 917 3422 (mittere
944 3342 987 3421 ex)
1017 3343 1063 3420 in,
1088 3340 1244 3404 de-rrttreu
1269 3357 1276 3400 :
1300 3339 1409 3404 Verba

304 3439 389 3502 ribus
414 3455 537 3502 caesum
559 3444 596 3531 te
616 3444 650 3502 iu
670 3444 849 3521 pistrinum,
874 3440 968 3520 Daue,
990 3441 1101 3502 dedam
1123 3455 1220 3520 usque
1243 3439 1283 3501 ad
1306 3453 1410 3502 neeem

308 3537 437 3615 (Terent.
451 3536 571 3600 Andria
588 3544 617 3600 4.
636 3545 665 3602 2.
681 3543 720 3601 27
734 3539 782 3602 ed.
798 3537 1026 3618 Umpienbaeh).

347 3633 462 3698 Sensus
477 3635 624 3716 simplicis
637 3635 722 3699 verbi
736 3636 834 3698 «dare
850 3659 865 3692 r
880 3652 943 3698 non
961 3652 1030 3699 raro
1043 3636 1076 3697 in
1089 3636 1146 3699 hoa
1159 3635 1249 3700 verbo
1263 3638 1385 3715 apparet
1400 3649 1407 3693 :

305 3732 378 3795 hine
394 3755 409 3789 4
425 3731 532 3795 dedere
552 3750 689 3794 murus»
711 3733 794 3814 quod
816 3733 896 3796 idem
915 3732 993 3795 valet
1012 3732 1094 3813 quod
1116 3734 1223 3795 «dure
1244 3749 1352 3801 atauus
1368 3745 1406 3789 a:

307 3831 362 3892 «si
377 3829 431 3892 tihi
453 3848 523 3893 vera
536 3831 687 3911 videntur,
707 3831 784 3893 dede
801 3848 918 3908 murus,
934 3833 997 3910 ant,
1013 3831 1039 3894 si
1054 3830 1165 3894 falsum
1178 3834 1234 3909 est,
1254 3831 1410 3910 aoeingere

303 3931 408 3990 eontra
424 3951 439 3985 r
458 3929 623 4008 (Lueretius
638 3935 666 3990 2.
685 3934 762 3991 torn
776 3928 822 3990 ed.
843 3927 979 4009 Munro);
1000 3930 1037 3991 44.
1063 3927 1131 3992 Jam
1154 3930 1215 3991 iam
1235 3927 1349 3992 efsseaei
1370 3927 1408 3987 do

305 4043 414 4088 merus
436 4027 580 4090 scientiae
604 4026 714 4106 [Horat.
743 4026 797 4108 Ep.
821 4032 848 4088 4.
873 4033 886 4090 4
915 4027 961 4088 ed.
986 4025 1108 4105 Orelli);
1131 4027 1324 4089 conferantur
1337 4026 1408 4088 item

307 4123 404 4186 «dare
417 4141 539 4204 operam
554 4148 569 4182 r
582 4129 612 4188 et
628 4147 642 4182 4
659 4126 758 4188 dedita
771 4141 887 4205 opera»
901 4142 908 4186 :
921 4147 935 4182 a
950 4123 1042 4196 Onesi
1056 4123 1169 4187 Drdr'ta
1183 4141 1286 4205 opera,
1299 4124 1330 4185 in
1339 4128 1408 4185 tem·

302 4239 374 4304 pore
388 4224 464 4303 ipso,
479 4220 553 4304 Spes
561 4225 639 4288 mihi
656 4227 759 4288 saneta
772 4224 912 4287 subvenit
924 4221 1099 4302 (Cistellaria
1111 4229 1140 4285 4.
1160 4228 1188 4284 4.
1200 4223 1247 4285 ed.
1265 4219 1404 4298 Benoist).

306 4321 417 4394 -Qui
437 4322 528 4400 dedit,
552 4324 604 4386 dat
624 4340 661 4385 ex
685 4340 717 4386 se
741 4339 748 4383 :
768 4320 827 4386 «Si
842 4339 897 4402 ego
909 4322 1021 4402 injuste
1034 4322 1185 4404 impieque
1198 4320 1407 4385 ittertomr‘ues
