3078 5054
176 679 261 741 liuoe
272 682 345 742 suut
354 693 409 741 res
422 678 715 742 hieeonsiderandae
730 694 738 740 t
755 677 840 741 radin
854 681 885 739 et
896 677 1075 740 desinentia.

176 777 282 849 Quosd
300 776 500 841 desinentiam
521 777 601 840 nihil
622 777 740 840 ineerti.
765 776 803 839 In
816 775 974 854 {adduam
991 776 1146 857 aeduum,
1161 777 1250 841 suffl-

135 892 211 939 xum
223 875 305 938 Mem
317 876 457 956 estquod
470 876 503 938 in
513 876 623 955 iopam,
638 881 781 952 metuam,
795 876 827 938 id
841 878 886 938 est
900 875 1081 956 suhjonetivi
1095 877 1128 937 in
1142 875 1248 954 tertiat

134 973 284 1052 adduam,
308 973 449 1035 ereduom
469 973 609 1036 oriuntur
623 991 659 1036 ex
679 974 775 1037 verbis
791 974 946 1051 adducre,
962 973 1128 1052 creduut,
1153 974 1251 1037 idest

134 1072 287 1137 exradioe
301 1071 355 1150 du,
370 1071 493 1134 tertiam
507 1074 628 1153 oonjng.
646 1075 759 1135 seeute.
1093 1134 1096 1135 γ

175 1168 212 1233 ln
226 1171 367 1247 oddutm,
392 1169 513 1246 adanu,
538 1170 686 1233 suffixum
708 1173 755 1233 est
775 1173 845 1250 ι-ιιι,
865 1173 915 1249 ts,
938 1173 993 1250 i·t,
1012 1169 1092 1233 idem
1112 1169 1194 1251 quod
1215 1171 1250 1232 in

81 1312 88 1321 .
134 1272 237 1347 ε-ιιιι,
260 1268 395 1347 uelim,
419 1265 557 1348 [ιω-ι’·ιιι,
587 1268 736 1348 aliisque3
767 1271 858 1349 eujus
879 1269 964 1349 origo
983 1269 1075 1349 plane
1098 1273 1172 1332 nota
1190 1272 1248 1347 est,

135 1384 232 1449 quum
245 1370 335 1431 antee
348 1366 485 1430 sonuerit
495 1363 566 1446 -ιι,
582 1371 618 1428 ut
627 1369 752 1448 apparet
763 1384 799 1429 ex
812 1370 925 1446 eie-ru,
940 1371 1040 1447 ste-s,
1054 1371 1151 1449 ιιιι-ι,
1168 1367 1251 1449 quod

135 1468 339 1546 repraesentat
360 1465 527 1545 optativum
550 1465 692 1546 ἐισι-ιηι,
716 1463 862 1545 del-lm,
888 1464 1012 1545 ἐισι-ιηι
1038 1465 1110 1529 hine
1132 1468 1251 1529 autu

135 1564 215 1627 nihil
236 1563 321 1627 aliud
340 1568 397 1643 est,
421 1562 520 1642 quoad
540 1561 684 1644 smmum,
707 1580 802 1645 quam
823 1581 962 1644 graecum
982 1562 1120 1642 δο-ίη-ι4.
1146 1563 1251 1636 Quoad

136 1662 281 1740 redicem,
305 1678 382 1725 num
403 1662 446 1723 du
469 1662 502 1723 in
524 1662 642 1724 duem
663 1661 745 1725 idem
775 1662 817 1725 sit
837 1679 873 1725 ae
897 1663 944 1725 te·
966 1662 999 1725 in
1022 1663 1131 1741 δο-ιη-ι
1152 1664 1251 1744 magis

136 1761 304 1823 insertum.

178 1855 311 1937 Curtius,
333 1873 397 1920 non
421 1857 489 1919 sine
509 1856 706 1935 dubitatione,
724 1856 853 1939 ‘suhjieit
872 1857 916 1918 du
935 1872 970 1920 ex
998 1858 1038 1919 do
1060 1860 1250 1920 attenuatum

136 1972 215 2035 esse,
231 1959 267 2017 ut
280 1957 396 2018 durau
409 1972 447 2016 ex
461 1955 582 2016 ‘dot-m
595 1955 721 2018 orietur.
738 1955 812 2017 liek
834 1955 966 2018 radicem
981 1954 1025 2017 du
1038 1957 1176 2037 agnoseit
1185 1959 1250 2038 jam

138 2054 171 2115 in
180 2053 414 2133 indo-europaea
428 2052 534 2132 lingue
547 2067 566 2113 a
579 2052 679 2113 radies
692 2052 735 2113 du
749 2056 927 2131 separatam.

179 2150 193 2231 ᾖ
215 2156 264 2214 lt.
286 2148 365 2213 Ante
378 2151 483 2212 omnia
496 2151 668 2211 statuamus
682 2164 748 2211 esse
761 2150 796 2211 in
810 2149 903 2211 latina
916 2149 1021 2230 lingua
1036 2150 1167 2213 radieem
1185 2153 1251 2232 du;

139 2265 218 2329 quae
244 2265 321 2312 num
346 2249 443 2311 letina
468 2264 510 2309 an
527 2247 720 2327 pree-latina
748 2248 790 2309 sit
812 2248 970 2327 postmodo
992 2248 1251 2312 videbimus'llst

138 2348 264 2429 inquam
288 2348 388 2409 luttuu
410 2346 498 2409 radix
519 2345 562 2407 du
579 2362 591 2405 .·
615 2363 714 2427 neque
736 2347 828 2426 enim,
852 2350 888 2410 ut
907 2348 1088 2410 ooneedatur
1108 2347 1195 2408 duim
1214 2364 1251 2409 ex

137 2446 234 2507 'duim
257 2446 343 2525 oriri,
375 2444 496 2524 possint
519 2444 624 2507 eodem
648 2444 738 2507 modo
770 2444 923 2507 enucleari
962 2446 1078 2524 duero,
1117 2444 1248 2525 duitor,

135 2544 270 2623 eluitur,
297 2559 375 2623 qnae
388 2559 504 2605 merem
517 2547 548 2606 et
566 2558 670 2605 veram
688 2542 822 2605 radieem
842 2543 885 2604 du
906 2544 1037 2622 produnt
1058 2560 1065 2604 :
1089 2559 1183 2623 quam
1196 2558 1251 2623 per

136 2657 272 2705 errorem
293 2642 452 2722 irrepsisse
475 2658 511 2703 ex
534 2641 636 2703 duim
658 2657 748 2704 nemo
770 2642 966 2719 contenderit,
991 2658 1088 2722 quum
1110 2642 1168 2704 hee
1189 2642 1251 2704 sint

136 2740 313 2805 veterrimae
327 2740 443 2803 iormae
452 2742 483 2801 et
497 2738 632 2802 umhriea
647 2739 791 2802 dialectus
805 2743 1022 2804 eonsentanees
1037 2740 1150 2804 formas
1163 2741 1251 2803 exhi-

136 2837 228 2916 heat;
251 2838 457 2919 nequeenim
491 2837 709 2916 reduplicatum
728 2838 819 2902 modo
840 2837 972 2921 radicem
993 2836 1047 2917 did
1072 2839 1172 2918 affert,
1197 2839 1249 2902 sed

137 3082 227 3125 voveo
241 3066 316 3135 (hir.
333 3066 373 3140 X,
389 3069 433 3140 lt,
449 3067 504 3140 li).
519 3099 553 3110 -
569 3068 602 3125 Si
616 3068 665 3143 qui
679 3068 827 3126 hominem
841 3067 963 3125 liberum
978 3067 1042 3126 dolo
1057 3068 1152 3126 sciens
1165 3069 1251 3125 morti

137 3157 210 3227 duit,
225 3155 365 3230 poricides
376 3164 437 3215 esto
451 3158 552 3227 (Fest.
568 3177 596 3231 p.
611 3158 685 3224 ιιι).
709 3189 745 3202 -
760 3157 791 3215 Si
806 3165 886 3230 pater
899 3158 992 3215 filium
1006 3164 1049 3215 ter
1061 3158 1249 3229 venumdedit,

138 3244 216 3302 filius
239 3263 256 3302 a
278 3252 358 3319 petre
375 3246 447 3304 liher
465 3252 526 3305 esto
549 3247 621 3315 (XII
635 3247 812 3319 un.1v.a;
829 3247 946 3319 Sanun,
962 3265 990 3320 p.
1007 3248 1068 3318 1⁴25,
1085 3247 1117 3304 83
1134 3253 1200 3321 sq.).
1216 3276 1252 3289 -

139 3334 171 3391 Si
184 3335 251 3408 quis
271 3336 457 3408 magistratus
477 3336 604 3411 pondera
623 3337 737 3394 minore
756 3337 922 3410 majoreque
945 3336 1016 3393 faxit
1032 3337 1152 3410 jussitve
1178 3335 1250 3406 tisri,

138 3423 272 3482 dolumve
285 3425 395 3495 adduit,
410 3442 467 3499 qno
481 3443 516 3484 ea
529 3426 600 3484 fiant
614 3427 715 3497 (Fest,
731 3444 760 3500 p.
775 3424 930 3497 tuot-iti
944 3425 994 3499 qui
1007 3426 1133 3499 palmam
1147 3425 1251 3483 ambis·

138 3514 198 3571 sint
219 3513 438 3573 histrionibus...
459 3514 520 3573 sive
533 3517 604 3574 odeo
618 3515 724 3574 aediles
738 3515 889 3588 perfidiose
908 3516 976 3589 quoi
994 3516 1084 3585 duint,
1113 3515 1251 3589 sirempse
1368 3567 1370 3571 ,

138 3603 232 3676 legem
251 3602 336 3661 iussit
355 3620 418 3661 esse
438 3603 564 3676 luppiter
584 3605 690 3673 (Plaut.
714 3604 824 3677 Amph.
847 3603 936 3676 Proh,
957 3604 1012 3669 69).
1036 3635 1071 3646 -
1093 3589 1251 3679 Nunquam

138 3691 240 3766 edepol
260 3692 333 3750 mihi
353 3693 506 3766 quisquam
508 3735 563 3749 .....
588 3693 705 3764 eruduit,
730 3693 761 3750 ni
785 3709 838 3765 ego
864 3709 912 3750 ero
934 3693 1037 3767 maiori
1059 3700 1155 3751 vostre
1177 3694 1253 3752 faeta

138 3782 328 3840 denarravero
342 3781 397 3856 (Pl.
413 3781 510 3853 Troe,
525 3781 553 3839 i.
569 3780 596 3839 2.
613 3783 667 3847 51).
681 3813 715 3825 -
728 3782 807 3839 Dum
817 3797 926 3855 perses,
938 3780 1013 3838 nihil
1022 3783 1161 3855 interduo,
1172 3783 1252 3842 aiant

137 3872 237 3931 rivere
252 3872 309 3939 (Pl.
332 3870 425 3945 (lapt,
447 3871 509 3942 694,
525 3870 568 3928 ed.
586 3871 707 3944 Fleuit.
723 3904 757 3914 -
778 3871 835 3941 Qui
846 3887 980 3929 toronum
994 3872 1069 3946 parit
1083 3873 1145 3946 ipse
1159 3890 1248 3947 peen-

137 3962 225 4020 nievs
244 3962 306 4036 ejus
328 3962 467 4034 [honoris]
491 3961 663 4035 virtutisque
684 3978 760 4034 ergo,
784 3962 832 4028 [si]
857 3961 1006 4017 arduuitur
1021 3962 1047 4019 ei
1069 3963 1250 4037 [parentique

138 4053 211 4127 ejus,
226 4067 257 4108 se
270 4050 369 4108 fraude
383 4058 456 4118 esto]
475 4050 552 4123 tTah.
564 4050 603 4108 X.
617 4051 643 4122 l,
655 4050 792 4125 Sohund).
805 4051 850 4108 De
859 4050 910 4115 ¹his
924 4051 1044 4125 aliisque
1059 4053 1209 4126 exemplis,
1220 4071 1247 4111 v.

140 4141 273 4213 Gorssen,
288 4140 327 4211 II,
343 4140 406 4210 402,
423 4157 466 4214 sq.

177 4233 201 4288 l.
223 4230 296 4288 Vult
308 4229 429 4287 Gerasen
443 4230 472 4304 (l.
489 4234 525 4303 e.)
539 4231 611 4301 duis,
626 4230 697 4302 duit,
712 4236 767 4288 ete.
783 4245 847 4287 esse
861 4246 975 4304 qnoque
989 4247 1070 4289 mers
1084 4231 1248 4290 indicativa.

141 4319 186 4376 lta
199 4319 302 4377 luerit:
318 4317 392 4376 nihil
406 4318 441 4376 ed
455 4336 516 4378 rem
530 4319 565 4378 de
579 4337 636 4394 qua
650 4319 697 4377 hie
711 4318 832 4392 agimus.
