3078 5054
622 529 661 541 ..
682 500 720 559 {5
740 531 780 542 .-

149 635 237 714 sitis,
262 632 458 712 participium
484 652 500 687 ι
530 629 621 693 datus
646 653 662 687 ιι
687 645 755 692 cum
783 627 942 708 participio
968 627 1114 708 ‘dieto-c,
1145 628 1260 692 ‘detes-

150 731 288 796 eradicc
308 728 372 792 aaa
398 728 444 808 (del
468 727 599 805 coalult;
622 728 727 790 statim
744 727 777 788 in
799 742 904 814 omues
926 726 1038 790 formas
1059 731 1089 789 et
1108 727 1141 789 in
1157 727 1259 790 emnia
1364 782 1375 808 ,

150 828 316 910 composita
347 826 529 907 significatio
558 825 672 888 radicis
707 822 772 886 ola
803 822 960 904 irrepsit⁴.
994 823 1097 906 lesum
1128 824 1256 905 simplex

147 926 322 1008 penetrarit
345 941 354 989 :
379 925 413 986 lu
433 923 619 1005 juxtaposito
642 920 989 1000 accomodatiorem
1013 924 1111 1003 quoad
1131 937 1257 985 sensum

146 1028 252 1089 τιθέναι
268 1040 276 1085 :
295 1043 312 1082 ιι
323 1039 375 1086 aer
388 1021 528 1087 omnihus
543 1026 591 1087 cst
603 1020 907 1098 rebusce'rcemdatus
920 1020 1129 1101 adpositasque
1144 1018 1256 1101 (Luce,

147 1130 178 1186 6.
195 1130 285 1202 4035,
305 1123 353 1184 ed.
368 1120 498 1200 lluurol.

189 1220 290 1293 Ouum
319 1220 353 1282 in
380 1219 556 1298 compositis
585 1216 684 1280 Latini
711 1215 835 1280 verbum
867 1217 942 1279 dere
966 1220 1175 1298 agnoscerent,
1204 1216 1257 1280 uhi

147 1319 351 1399 compositum
374 1317 558 1394 dividebant,
580 1331 633 1395 pre
656 1315 785 1395 simplici
806 1314 893 1377 verbo
917 1316 1069 1395 ponebant
1090 1316 1164 1378 dore
1188 1332 1257 1378 cum

148 1416 371 1496 significatione
387 1437 402 1471 ι
417 1430 526 1494 penore
542 1432 579 1491 »3
603 1413 684 1499 qued
708 1413 900 1492 potissimum
921 1412 1034 1476 iactum
1056 1417 1103 1477 est
1124 1413 1258 1495 quoties-

149 1531 269 1594 cunque
282 1513 427 1594 agebatur
441 1512 479 1574 de
491 1510 667 1592 hujusmodi
682 1510 916 1590 transpositione
931 1526 1010 1590 quae
1022 1527 1084 1573 non
1095 1512 1179 1574 lieret
1192 1513 1258 1575 sinc

147 1613 278 1691 datione,
302 1614 337 1674 ut
360 1610 550 1688 incendere,
583 1626 691 1671 oerum
714 1609 809 1684 dere;
832 1608 916 1688 hinc,
940 1609 1030 1670 etiem
1045 1609 1111 1671 sinc
1124 1610 1256 1689 datione,

143 1727 267 1792 peccem
291 1709 377 1787 dere,
403 1711 597 1789 praecipitem
625 1708 708 1770 dere.
737 1706 915 1786 Exemplum
938 1707 1076 1769 sanseriti
1102 1708 1253 1788 perd-det,

149 1808 244 1871 latine
260 1807 398 1886 perdere,
428 1807 561 1871 indicare
588 1804 707 1868 videtur
733 1821 796 1867 nen
815 1805 914 1867 solum
936 1821 972 1868 er
991 1810 1039 1868 τοῦ
1053 1807 1156 1868 τιθέναι
1169 1806 1208 1868 ad
1223 1807 1256 1868 τὸ

150 1906 265 1984 διδόναι,
290 1905 345 1967 sed
367 1904 458 1968 ctiam
482 1921 518 1966 ex
538 1909 585 1967 τοῦ
607 1903 710 1965 διδόναι
733 1902 772 1964 ad
792 1903 953 1965 τὸιτιθέναι
974 1918 1144 1964 sermenem
1171 1901 1258 1965 facile

148 2000 319 2066 transiisse.

187 2099 204 2179 ᾗ
223 2105 273 2162 23.
296 2097 374 2161 Haec
387 2098 424 2160 de
438 2099 537 2161 radice
551 2095 614 2160 dle
628 2098 661 2159 in
671 2098 855 2176 compositis.
871 2094 909 2158 ln
923 2097 1054 2176 simplici
1069 2113 1138 2160 vere
1151 2097 1255 2177 verbo,

148 2197 204 2276 dd,
219 2214 316 2277 quum
336 2195 464 2263 initialis
477 2199 565 2275 esset,
582 2195 614 2258 ie
627 2195 805 2274 sessibilari
819 2184 931 2272 debuit,
947 2195 988 2256 ita
1002 2198 1035 2256 ut
1048 2211 1084 2257 ax
1096 2193 1161 2256 det
1173 2195 1259 2258 fieret

148 2292 260 2374 rao·
1033 2358 1042 2383 ,

187 2389 268 2455 Haec
291 2395 336 2454 est
359 2392 446 2454 radix
470 2407 547 2471 quae
577 2390 753 2471 agnoscitur
780 2390 814 2453 in
837 2387 946 2470 sce-der,
973 2387 1108 2470 semol,
1131 2386 1254 2469 secde,

147 2507 241 2553 sensu
270 2490 496 2571 aliquantulum
525 2490 699 2569 immutate,
733 2489 845 2569 quippe
874 2506 951 2569 quae
976 2490 1128 2569 jamnon
1154 2490 1255 2550 actum

142 2591 287 2669 peccetis
308 2588 433 2668 indicet,
462 2587 514 2651 sed
536 2591 665 2667 coeatis,
686 2584 840 2666 faetentis,
869 2587 949 2667 qued
980 2601 1037 2649 nec
1064 2586 1177 2648 mirum
1200 2600 1256 2647 uec

146 2685 260 2749 latinae
284 2687 409 2766 liuguae
430 2686 598 2766 preprium.
627 2684 729 2766 Neque
746 2686 831 2747 enim
853 2685 966 2746 mirum
987 2688 1033 2747 est
1045 2686 1078 2747 τὸ
1095 2687 1185 2747 ποιεῖν
1203 2697 1256 2762 per

148 2785 180 2846 cb
200 2787 303 2847 τιθέναι
318 2784 459 2863 iudicari,
483 2799 580 2862 quum
597 2805 612 2838 ι
631 2783 728 2845 lacere
751 2806 765 2840 ν
781 2782 858 2844 nihil
872 2783 956 2844 aliud
979 2783 1018 2844 sit
1032 2798 1124 2862 quam
1142 2804 1156 2836 ι
1174 2784 1256 2843 carte

149 2881 238 2943 medo
262 2897 385 2961 ponere,
415 2884 558 2959 statuere,
581 2881 787 2966 disponere»;
816 2896 872 2942 nec
897 2896 961 2942 nen
986 2880 1147 2960 pleraeque
1170 2878 1257 2941 indo·

149 2995 313 3058 europaeae
341 2979 481 3059 liuguae,
509 2978 673 3057 perillam
700 2978 832 3040 radicem
865 2977 928 3038 dte
954 2979 987 3040 τὸ
1014 2982 1103 3041 ποιεῖν
1132 2992 1256 3056 expres-

146 3080 262 3139 serunt.
291 3076 368 3138 lliuc
391 3076 423 3137 iu
442 3075 710 3156 angle-saxonica:
727 3074 802 3136 doce
824 3098 839 3131 ι
863 3075 960 3137 iacere
980 3096 1011 3153 ν,
1031 3073 1102 3135 do«
1127 3074 1203 3136 facie
1225 3097 1253 3152 ν,

145 3174 248 3236 dide«
264 3174 320 3236 feci
337 3197 351 3230 ν
367 3173 499 3254 (anglica
515 3173 662 3236 hodierna
678 3190 685 3234 :
702 3172 720 3233 l
730 3172 781 3252 de,
797 3172 818 3234 I
829 3173 918 3252 did);
941 3173 973 3234 iu
991 3173 1083 3235 veteri
1103 3171 1229 3234 teutisca
1245 3187 1252 3232 ε

146 3277 238 3333 tuo-e
263 3272 388 3335 «lacere
404 3295 431 3347 ν,
454 3296 468 3328 ι
486 3277 615 3333 tce-ee»
635 3271 747 3350 (laclo);
764 3271 839 3332 tet-e·
853 3271 909 3332 ieci
925 3270 1081 3347 (hodierna
1100 3274 1168 3348 tera
1183 3269 1256 3347 tritt·

146 3368 180 3431 in
194 3369 338 3432 omnihus
357 3368 551 3450 germanicis,
566 3370 599 3431 in
612 3369 826 3450 conjugatione
838 3384 917 3448 quac
936 3369 1060 3446 refirma
1071 3366 1193 3443 dicitur,
1217 3364 1257 3428 ad
1351 3373 1353 3376 ’

146 3467 373 3532 informandum
395 3468 560 3547 perfectum
585 3471 704 3546 tempus
723 3466 843 3528 additur
862 3469 961 3545 θέματι
978 3465 1143 3546 perlectum
1161 3464 1256 3542 hujus

146 3566 278 3645 radicis3
303 3567 347 3628 sic
370 3566 501 3644 geticum
522 3564 665 3644 cotye-e
688 3587 703 3620 ι
724 3580 867 3645 quaerere
893 3586 907 3620 ν
934 3561 1102 3644 (recentiori
1131 3561 1255 3624 teutisca

145 3664 268 3741 melreo,
298 3663 417 3743 anglico
445 3662 518 3743 seed)
548 3664 582 3725 lit
612 3664 644 3725 in
673 3664 830 3743 praeterito
859 3658 1036 3742 colet-dewi,
1063 3657 1255 3721 selei-dedum

149 3783 164 3816 ι
179 3761 317 3843 quaesivi
332 3760 540 3842 quaesivimus
558 3783 585 3838 e,
602 3761 691 3823 idest
705 3784 720 3816 ι
737 3763 769 3824 τὸ
783 3776 925 3841 quaerere
939 3759 1007 3838 feci,
1022 3758 1148 3821 lecimus
1164 3781 1179 3815 ν
1193 3778 1202 3836 ;
1216 3789 1256 3802 -

146 3859 179 3922 in
202 3859 310 3923 celtica
334 3861 452 3922 dc-ea'm
470 3881 484 3915 ι
503 3857 579 3921 facie
595 3879 630 3937 »3
646 3892 686 3904 -
704 3859 817 3923 slavica
838 3864 1001 3940 utrumque
1024 3873 1147 3927 mesum
1165 3855 1257 3920 simul

183 4087 209 4144 l.
224 4086 261 4143 In
278 4086 410 4159 perlectis
433 4086 534 4144 aedem
552 4086 638 4144 mede
660 4091 816 4158 potuerunt
833 4083 864 4140 in
884 4100 976 4141 unum
999 4083 1157 4142 coalescere
1174 4081 1212 4137 da
1227 4087 1257 4138 et

146 4174 234 4241 *aaa
246 4175 351 4233 radicis
363 4176 442 4234 onim
457 4176 513 4233 dlce
527 4176 684 4249 perlectum
697 4180 758 4232 erat
771 4173 900 4244 *demta
913 4171 990 4230 unde
1004 4173 1036 4229 ie
1046 4169 1210 4244 compositis
1222 4177 1254 4226 ut

147 4263 362 4337 *epe-ddedddt
375 4264 482 4322 laetum
495 4273 539 4323 cst
554 4265 729 4337 *epo-dedit,
745 4261 862 4319 abdidit.
