3078 5054
719 540 898 601 „22-

262 673 365 753 plures
386 684 464 750 quae
483 668 646 749 antiquum
670 669 690 730 d
709 668 885 732 declarent:
906 667 1082 749 hujusmodl
1103 669 1176 731 sunt
1195 668 1230 730 in
1251 683 1369 748 graeca,

262 773 348 833 citra
371 768 626 850 conjugationem,
657 767 774 843 δό-σι-ς,
808 768 921 849 evasa
941 766 1065 846 tonte,
1094 765 1213 846 mutua,
1241 767 1275 828 in
1303 765 1371 846 ipsa

262 865 485 948 conjugatione,
508 866 610 944 δο-ίην,
634 866 777 945 dut-pov,
801 865 903 944 ,dd-rur,
941 864 1030 941 δό-τε,
1059 864 1198 940 &vr-oc,
1222 864 1371 943 &do-pov,

262 966 415 1045 &perca
431 965 646 1044 δο-θή-σσ-μαις
662 964 722 1027 huo
735 964 827 1026 etiam
847 962 1009 1026 amandae
1022 962 1223 1041 reduplicatae
1244 962 1370 1039 formae,

130 1053 133 1058 ’
261 1080 358 1144 quum
372 1062 496 1126 alternis
507 1062 623 1125 vicibus
631 1067 760 1142 ponatur
773 1062 855 1125 δι-δω
869 1065 899 1124 et
908 1061 998 1138 dct03
1014 1061 1096 1140 prior
1109 1065 1210 1123 autem
1225 1061 1259 1123 in
1273 1063 1372 1123 autivo

264 1165 383 1224 unium
406 1160 554 1249 singulari
583 1160 741 1224 indicativi
762 1164 793 1223 et
816 1159 983 1240 imperfecti
1007 1158 1198 1236 adhibeatur,
1221 1159 1317 1222 altera
1338 1159 1373 1221 in

262 1260 397 1339 caeteris,
414 1258 456 1321 ita
470 1263 504 1321 ut
516 1263 658 1339 appareat
670 1260 705 1322 in
716 1257 872 1341 plerisque
884 1258 1006 1322 casihm
1015 1257 1146 1321 radicem
1154 1257 1276 1336 esseio,
1286 1256 1317 1319 id
1326 1260 1372 1319 est

262 1357 358 1421 fuisse
371 1358 445 1420 olim
460 1357 513 1418 dt.
1236 1415 1240 1423 .

177 1498 182 1507 ·
301 1454 337 1517 In
360 1454 544 1536 germanica,
558 1471 655 1536 quum
668 1455 711 1517 du
726 1476 741 1512 a
756 1456 854 1518 dere»
869 1454 958 1532 desit,
979 1457 1081 1516 tamen
1094 1453 1158 1523 dtu
1182 1475 1197 1509 a
1219 1468 1330 1534 puuere
1354 1477 1370 1510 a

261 1553 375 1616 indicat
397 1553 546 1616 exstitisse
570 1553 664 1615 simul
679 1554 811 1616 radicem
833 1569 903 1615 oum
928 1551 1025 1615 vocali
1048 1555 1118 1615 eet
1142 1551 1274 1615 radicem
1299 1568 1371 1615 oum

261 1650 356 1715 vocali
369 1668 387 1712 o
393 1669 407 1729 ,·
420 1667 517 1731 quum
530 1651 613 1712 enim
627 1654 717 1714 vetus
730 1650 890 1714 teotiseum
908 1649 1016 1713 habeat
1030 1655 1141 1729 tuo-m,
1160 1656 1254 1728 tue-s,
1276 1654 1369 1727 tuo-t,

261 1753 318 1814 eto.
347 1749 369 1828 (t
391 1748 456 1827 29),
480 1749 511 1810 in
535 1749 648 1828 quibus
667 1766 707 1810 uo
727 1765 763 1811 ex
783 1748 910 1829 antiquo
931 1746 950 1809 d
972 1747 1140 1828 pmeedit⁴,
1163 1749 1246 1828 quod
1266 1764 1372 1812 revera

262 1845 384 1911 exhibet
405 1846 694 1925 anglo-saxonicum
721 1844 762 1907 dd
779 1868 794 1902 a
809 1847 886 1909 facio
902 1870 931 1926 a,
953 1844 1034 1908 dri-rt
1056 1847 1184 1909 «facere
1199 1867 1228 1926 »ς
1266 1864 1286 1907 o
1323 1863 1372 1909 re·

261 1945 374 2009 mansit
387 1944 419 2006 in
433 1944 495 2006 tut-t
511 1944 670 2024 (recentius
682 1946 830 2024 seriptum
845 1945 924 2006 Ttot
939 1966 954 2001 ι
970 1945 1048 2007 aetio
1063 1944 1089 2023 »l
1102 1942 1126 2005 2.
1203 1974 1206 1981 ›

301 2041 337 2105 In
351 2041 472 2120 slavica,
489 2042 553 2106 sule
566 2043 677 2106 vocalis
690 2061 710 2104 e
723 2046 865 2122 apparet3
890 2043 977 2105 uio-tt
999 2042 1101 2123 (dare),
1123 2042 1203 2103 deri
1219 2039 1368 2122 (dunum),

142 2224 145 2230 Δ
261 2139 398 2219 deputa·
414 2140 502 2219 (darc)
516 2160 524 2218 ;
540 2140 632 2203 etiam
644 2141 678 2202 in
701 2140 884 2220 reduplicata
904 2141 1002 2203 forma
1022 2137 1169 2217 *ddecet
1194 2138 1283 2201 domi
1300 2139 1370 2218 (d013

261 2238 314 2301 aad
326 2254 406 2318 quae
421 2238 461 2300 sit
474 2239 586 2301 vocalis
598 2238 768 2318 quantitas,
784 2238 942 2301 incertum.

302 2336 407 2399 telina
420 2335 516 2416 igitur
528 2337 635 2416 lingua
648 2339 711 2399 dou
725 2352 789 2398 una
807 2353 843 2398 ex
856 2337 1014 2416 europaeis
1027 2335 1187 2415 antiquam
1202 2335 1340 2398 vocalem
1353 2353 1374 2396 c

262 2436 401 2513 servavit,
418 2439 448 2496 et
465 2436 564 2516 quoad
580 2438 783 2513 quantitatem
808 2451 871 2496 non
896 2435 999 2497 minus
1022 2434 1120 2496 tidelis
1139 2437 1262 2513 apparet
1279 2449 1374 2515 quam

262 2532 553 2615 quoadquolituteru
567 2551 573 2593 :
592 2533 742 2596 nonenim
756 2534 905 2596 sanserita
914 2533 1005 2595 modo
1019 2532 1155 2596 vucalum
1171 2532 1313 2612 darguit,
1327 2548 1374 2594 ve

262 2648 332 2694 rum
354 2632 445 2692 etiam
461 2647 565 2710 graeca
579 2647 632 2710 per
645 2653 672 2695 e.
690 2631 764 2693 Erat
787 2631 820 2692 in
840 2630 1059 2710 indu-europea
1082 2630 1166 2693 radix
1180 2629 1223 2690 di
1241 2633 1271 2692 et
1288 2630 1373 2692 radix

261 2729 304 2792 dt
311 2749 324 2808 ;
345 2726 418 2791 Asia
437 2732 467 2791 et
480 2727 640 2793 Germania
653 2729 696 2790 dt
707 2730 902 2807 expulerunt3
919 2727 1045 2793 Graecia
1057 2733 1218 2810 utramque
1228 2729 1371 2807 servavit,

262 2825 358 2890 Roma
381 2828 513 2908 priorem
525 2827 616 2890 modo
630 2829 664 2889 in
678 2829 900 2908 conjugatione.

304 2929 317 3000 5
341 2928 391 2988 32.
414 2925 457 2987 lix
477 2926 527 2987 his
547 2941 626 3005 quac
638 2926 765 3004 praelati
788 2943 896 2989 sumus
921 2929 1045 3005 apparet
1058 2925 1093 2988 in
1108 2941 1256 3004 europaea
1269 2925 1373 3005 lingua

263 3024 305 3086 dc
318 3023 452 3087 divisum
468 3023 565 3086 fuisse
578 3024 611 3084 in
624 3022 666 3086 do
679 3028 709 3085 et
722 3025 762 3086 do
769 3044 783 3103 ,·
806 3024 846 3086 du
868 3026 902 3087 in
923 3041 1027 3105 graeca
1048 3024 1260 3104 praevaluisse,
1285 3024 1327 3085 du
1340 3023 1374 3086 in

263 3120 359 3184 latina
376 3137 383 3181 :
399 3136 461 3184 non
484 3122 594 3184 desunt
614 3126 716 3185 tamen
739 3139 819 3203 quae
840 3123 874 3185 in
887 3121 981 3185 latina
998 3139 1034 3184 ex
1047 3122 1147 3184 radice
1162 3122 1202 3184 do
1214 3121 1374 3202 repetenda

263 3219 336 3282 sint.
353 3217 434 3283 Haec
448 3219 566 3283 suntin
580 3220 688 3300 primis
703 3239 711 3281 :
729 3220 871 3283 denum
882 3221 963 3301 quod
976 3223 1177 3300 repraesentat
1192 3219 1374 3282 sanseritum

263 3316 421 3397 dducam·
432 3315 570 3397 *dd-tio,
586 3317 652 3380 dri-s
661 3319 743 3400 quod
755 3323 959 3399 repraesentat
968 3318 1108 3380 vedicum
1120 3317 1227 3379 detes
1239 3316 1373 3396 (munus,

262 3412 385 3495 oblatio)
398 3436 406 3494 3
422 3413 510 3477 uie-t
525 3417 558 3478 in
571 3415 745 3496 ruem-ddi,
763 3418 797 3480 in
810 3434 872 3499 quo
884 3417 1057 3480 acutissime
1079 3416 1275 3495 deprehendit
1289 3414 1375 3479 Breal

262 3515 453 3577 veterrimam
478 3514 629 3593 participii
655 3515 796 3595 formam,
819 3517 862 3578 ita
884 3520 919 3578 ut
932 3512 1102 3576 cmm-det
1126 3514 1206 3577 nihil
1228 3514 1311 3577 aliud
1334 3515 1375 3577 sit

262 3628 354 3694 quam
368 3612 579 3674 escendune
595 3610 774 3693 [Memoirea
786 3611 827 3690 ll,
850 3612 928 3692 tel).
948 3611 1050 3684 Quum
1065 3614 1108 3675 ita
1124 3612 1218 3674 latina
1237 3611 1375 3674 exhibeat

262 3716 316 3774 ant
329 3710 372 3771 uu
385 3714 439 3773 aut
451 3709 501 3787 dd,
518 3727 627 3791 graeca
641 3717 743 3774 autem
757 3717 812 3775 aut
825 3711 866 3773 do
884 3716 939 3775 aut
959 3694 1010 3792 d'd,
1034 3711 1146 3775 slavica
1164 3711 1374 3774 tautummodo

263 3810 317 3890 du,
332 3808 480 3873 sanserita
493 3809 536 3871 du
546 3813 599 3872 aut
613 3810 665 3891 det,
683 3811 752 3873 licet
765 3810 838 3873 hine
851 3810 1027 3875 concludere
1041 3825 1048 3871 :

299 4039 324 4094 l.
350 4036 393 4096 ut.
415 4044 473 4111 got,
500 4037 626 4110 orditur,
654 4046 736 4099 vetus
763 4046 831 4097 taut.
860 4040 988 4112 bruoder,
1020 4038 1105 4098 hodie
1137 4039 1239 4095 bmder
1268 4037 1370 4112 (Bopp,

261 4127 494 4383 Ϊὲξίτὴθτηὶοα
506 4225 589 4279 vetus
603 4219 689 4280 habet
702 4219 839 4294 paritera
855 4244 863 4277 :
878 4219 933 4276 dic
949 4240 961 4274 ι
977 4219 1086 4280 donum
1101 4240 1113 4274 t
1132 4221 1158 4293 lt
1172 4242 1201 4267 =
1215 4219 1243 4292 ἃ,
1260 4216 1371 4278 Schlei-

302 4323 333 4366 er
391 4312 429 4375 l).
1279 4312 1288 4325 '
1375 4310 1379 4318 ’
