3078 5054
564 1340 865 1409 PRAEFATIO.

203 1653 506 1748 Latinumverbum
527 1657 617 1723 dere
643 1658 788 1744 pluribus
810 1657 909 1724 modis
933 1677 953 1724 a
980 1677 1093 1725 norma
1115 1659 1269 1747 conjuga-

159 1762 255 1828 tionis
275 1761 395 1828 latinae
425 1761 567 1828 discedit.
593 1763 775 1831 Mirandum
797 1767 933 1853 primum
960 1759 1114 1850 quomodo
1138 1764 1196 1831 fiat
1219 1772 1265 1842 ut,

160 1889 256 1954 quum
281 1870 415 1956 primam
441 1869 695 1957 conjugationem
723 1878 872 1957 sequatur
907 1877 963 1936 aut
992 1873 1080 1957 sequi
1109 1871 1266 1950 videatur,

159 1975 301 2043 vocalem
322 1976 452 2042 brevem
474 1976 497 2040 ἄ
519 1977 655 2056 habeat3
681 1985 761 2055 tum,
795 1999 854 2044 cur
875 1979 1050 2063 composita
1073 1977 1115 2044 ad
1141 1980 1269 2044 tertiam

158 2090 334 2150 transeant.
350 2083 463 2159 Quoad
476 2104 615 2163 sensum,
632 2105 709 2150 num
719 2104 761 2150 ex
771 2084 1003 2170 significatione
1015 2085 1165 2171 simplicis
1179 2085 1269 2151 verbi

159 2189 249 2256 dare
257 2210 388 2257 manare
394 2198 490 2278 queat
503 2189 692 2277 significatio
703 2191 959 2277 compositorum,
972 2212 1057 2287 quae
1068 2199 1115 2257 est
1126 2191 1269 2278 plerum-

160 2315 222 2380 que
237 2320 254 2357 ‹<
270 2317 385 2383 ponere
400 2297 443 2362 »l
465 2296 556 2372 Quod
569 2297 597 2363 si
617 2318 659 2363 ex
677 2297 789 2363 Italica
809 2297 849 2363 ad
864 2308 1016 2384 cognatas
1029 2298 1158 2384 linguas
1176 2306 1269 2365 tran-

159 2422 240 2481 seas,
257 2403 332 2489 quid
351 2405 476 2470 intersit
494 2406 577 2470 inter
591 2406 695 2471 da-re
710 2411 742 2470 et
758 2404 870 2481 δίδωμι,
886 2405 989 2489 quoad
1001 2406 1121 2483 θέματος
1135 2406 1268 2472 formam

157 2514 189 2576 et
203 2509 307 2594 quoad
320 2510 436 2576 radicis
451 2509 615 2576 vocalem?
629 2510 712 2585 Quid
725 2510 859 2595 deniquo
871 2511 931 2576 sibi
943 2510 1044 2576 uelint
1059 2517 1185 2577 veteres
1197 2512 1268 2578 ior-

157 2636 229 2682 mae
244 2618 394 2692 danunt,
415 2615 541 2684 duint?

202 2724 345 2799 Quarum
359 2725 580 2809 quaestionum
588 2723 776 2811 jamdudum
796 2723 957 2790 nonnullis
980 2744 1167 2811 responsum
1191 2732 1265 2791 est:

160 2831 273 2896 tertiae
296 2830 527 2917 responderunt
548 2829 693 2916 Schlegel
714 2837 745 2895 et
767 2830 869 2916 Bopp,
890 2828 952 2896 duo
971 2831 1070 2897 uerba
1090 2831 1215 2898 diversa
1234 2830 1268 2896 in

160 2939 337 3023 compositis
350 2939 441 3004 verbi
460 2940 549 3005 dore
571 2937 693 3017 latere3
717 2938 792 3003 item
805 2938 933 3022 quintae
954 2935 1147 3015 Schleicher‚
1170 2960 1267 3024 quum

156 3042 250 3128 juxta
263 3046 405 3131 posuerit
421 3045 550 3120 linunt,
574 3046 708 3124 sinuat,
725 3051 801 3123 etc.;
818 3050 928 3110 sextae
948 3045 1039 3122 Fick,
1057 3066 1154 3130 quum
1172 3047 1267 3131 juxta

157 3149 295 3217 radicem
310 3152 358 3218 du
378 3152 541 3227 exstitisse
555 3151 630 3218 olim
643 3151 782 3218 radicem
798 3151 849 3217 du
862 3150 1024 3229 docuerit;
1041 3158 1182 3218 caeteras
1201 3173 1267 3218 non

156 3256 249 3323 video
260 3257 356 3325 fuisse
376 3259 555 3326 accuratius
568 3265 736 3336 tractatas,
753 3264 809 3324 aut
829 3257 871 3323 ad
892 3257 1130 3342 disquirendum
1147 3279 1266 3346 propo-

157 3364 247 3429 sitas.
277 3365 346 3431 Has
377 3365 530 3454 indagare
562 3386 628 3433 non
654 3364 771 3431 inutile
796 3364 902 3430 visum
927 3370 991 3444 est,
1023 3366 1144 3452 priores
1171 3368 1266 3432 etiam

156 3476 333 3538 retractare
351 3477 384 3538 et
397 3471 584 3539 Fickianam
599 3473 774 3539 doctrinam
796 3472 901 3549 novis,
918 3477 1053 3550 utrem,
1070 3476 1267 3560 argumentis

157 3577 357 3644 confirmare.

200 3799 345 3868 Lutetiae
358 3802 566 3881 Parisiorum,
584 3823 690 3869 mense
704 3803 863 3890 Augusto,
881 3822 966 3869 anno
980 3819 1204 3868 mnoocnxxvr.
1250 3819 1253 3825 ·
