3078 5054
761 527 919 585 ..pp-

325 655 340 735 5
362 659 410 717 45.
433 655 584 715 Pro-dere
604 659 786 736 repe-ederet
808 670 885 735 quae
903 654 1026 717 coedtte
1046 660 1143 718 sunt:
1168 654 1267 738 (Oeid.
1291 656 1390 735 Fert,

289 759 318 813 5.
337 755 406 832 4448,
419 751 465 814 ed.
482 748 604 830 Merkel)
623 774 638 807 e
654 752 764 814 Prodit
778 751 898 815 fumoso
911 753 1034 814 condite
1049 753 1118 815 rina
1133 754 1216 816 cado.
1236 777 1251 810 4

324 850 408 930 §re
431 848 566 912 Reddere
589 872 604 904 e
625 851 854 914 rursueeteve
879 874 894 907 o
920 851 969 912 vel
991 851 1108 930 datum,
1134 852 1184 915 vel
1208 867 1264 930 pro
1290 852 1390 914 date:

287 971 302 1003 c
327 948 430 1026 orabo,
447 953 481 1012 ut
500 948 587 1009 mihi
598 948 711 1028 pallam
724 948 844 1027 reddet,
860 966 952 1031 quam
975 950 1091 1013 dudum
1114 949 1187 1011 dedo·
1207 974 1221 1006 e
1246 947 1391 1029 (Plautus,

286 1044 377 1125 Mem,
394 1051 421 1107 4.
439 1053 468 1108 2.
488 1043 579 1126 (illl,
591 1047 638 1108 ed.
650 1045 766 1125 Bothe).
782 1069 847 1102 -e
864 1046 987 1110 Cincius
1008 1051 1191 1110 nectaream
1206 1048 1283 1110 mihi
1297 1048 1351 1111 ahs
1365 1051 1395 1110 te

289 1144 446 1223 epistelam
475 1143 623 1221 reddidit,
652 1160 745 1225 quam
776 1148 809 1206 tu
842 1142 917 1208 Idih.
939 1144 1023 1208 leur.
1054 1145 1180 1207 dederes
1207 1169 1221 1201 4
1259 1143 1329 1226 (Cic.
1355 1145 1395 1207 ad

289 1239 366 1318 lte,
392 1248 421 1305 4.
440 1248 490 1317 244,
518 1243 566 1305 cd.
591 1241 795 1321 0444144-4
817 1241 875 1305 Pro
895 1242 1057 1306 benefactis
1077 1244 1144 1306 eius
1163 1246 1197 1306 ut
1216 1244 1245 1305 ei
1265 1243 1393 1322 pretium

286 1339 401 1418 possim
414 1339 568 1401 reddere»
585 1339 696 1419 (cept,
714 1347 742 1402 5.
761 1345 789 1402 4.
805 1347 857 1419 24),
869 1341 915 1403 ed.
932 1339 1139 1419 Fleckeisen).

326 1437 341 1518 g
363 1442 412 1500 47.
442 1437 608 1516 Sed-dere,
638 1439 816 1501 ὑπο-τιθέναι
843 1453 851 1497 :
883 1459 898 1492 e
927 1434 1017 1500 Musti
1044 1438 1254 1518 quadrantalia
1281 1436 1338 1500 XX
1363 1439 1395 1501 in

209 1557 212 1563 ·
266 1535 475 1607 aheneum..
501 1536 665 1613 infundite,
681 1537 783 1615 ignem
801 1535 952 1597 reddito»
974 1534 1067 1615 (Ceto,
1086 1536 1121 1597 R.
1144 1536 1193 1615 rt,
1220 1541 1286 1598 4444.
1311 1542 1323 1597 4
1344 1553 1392 1616 ap.

288 1630 451 1696 Schneider
471 1632 506 1711 ll.
533 1667 573 1680 -
597 1656 612 1689 e
637 1632 698 1696 Nee
719 1634 814 1695 nimis
832 1633 890 1695 irai
914 1632 963 1694 fax
990 1649 1124 1712 unquam
1151 1632 1274 1696 subdita
1302 1634 1397 1712 percit

289 1731 406 1793 fumida
423 1754 437 1786 4
455 1731 566 1809 tneo„
591 1737 618 1794 3.
647 1737 716 1809 3443,
739 1730 785 1792 ed.
802 1729 931 1808 Muurei.
953 1764 992 1775 -
1018 1753 1033 1785 c
1055 1729 1188 1793 Tantum
1209 1734 1239 1792 te
1259 1747 1342 1810 roge,
1363 1732 1395 1793 in

290 1829 379 1891 Hirtii
402 1830 502 1892 lecum
522 1846 569 1890 me
589 1829 699 1891 eodm
723 1833 754 1890 44
777 1830 815 1891 ad
843 1833 931 1890 tuum
951 1845 1085 1891 amorem
1102 1834 1166 1891 ct...
1187 1853 1202 1885 4
1220 1826 1337 1909 (Cicero
1353 1829 1397 1892 ed

237 1928 242 1937 '
288 1925 416 2004 Falerii,
431 1930 480 1988 40.
497 1930 545 1989 24.
562 1931 592 2004 7,
609 1927 655 1989 cd.
673 1925 785 2005 Orelli).

326 2024 341 2104 5
362 2028 411 2085 48.
437 2024 615 2092 Troesdere.
639 2023 759 2085 tradere
778 2040 790 2082 .·
807 2029 841 2084 l⁰
853 2024 1056 2087 trans-itidem
1073 2039 1094 2103 :,
1112 2030 1144 2086 2ο
1158 2028 1393 2088 trans-uttam:

328 2128 359 2185 l⁰
377 2144 391 2177 a
404 2122 569 2202 Argentum
576 2122 645 2184 dedi
652 2121 821 2184 Thensauri
831 2138 934 2199 eausa,
947 2126 981 2184 ut
990 2123 1105 2184 saluom
1113 2123 1210 2184 amico
1219 2122 1394 2184 traderem»

291 2219 354 2302 (Pl.
383 2221 588 2298 Trinemmer,
611 2224 639 2281 4.
666 2226 693 2281 2.
719 2223 788 2297 442,
810 2220 858 2281 ed.
883 2218 1004 2298 444444).
1025 2254 1064 2264 -
1085 2218 1273 2301 «Τ44444444
1294 2222 1395 2286 dato»

291 2317 392 2397 (Vetus
405 2318 451 2380 lcn
468 2335 517 2397 ap.
534 2317 628 2396 Fert,
644 2333 669 2379 s.
684 2317 738 2378 sed
751 2335 812 2394 ees,
829 2318 877 2379 ed.
894 2316 1011 2396 Miiller,
1025 2315 1108 2397 349).

328 2424 359 2480 2⁰
375 2436 392 2474 e
458 2433 520 2478 neu
540 2432 581 2493 se,
598 2432 659 2477 neu
672 2412 860 2494 Pompeium,
875 2416 1086 2494 imperatorem
1100 2432 1202 2493 suum,
1218 2416 1398 2479 adversariis

289 2515 328 2576 ad
350 2514 534 2593 supplicium
560 2513 732 2591 tradederit,
749 2513 913 2587 obsecrate
937 2512 1040 2593 (Caes,
1059 2513 1100 2574 lie
1117 2512 1149 2575 Β.
1165 2512 1214 2591 G„
1241 2520 1268 2575 4.
1294 2517 1342 2575 76.
1366 2519 1396 2591 4,

288 2613 335 2675 ed.
355 2611 546 2692 Nipperdey).
576 2646 615 2656 -
641 2609 804 2691 Remisque
829 2611 893 2673 uixi
914 2612 1082 2690 properiter
1102 2628 1210 2674 navem
1234 2612 1267 2673 in
1294 2612 1397 2692 lugam

292 2732 307 2765 e
324 2711 521 2771 treeedeet»
540 2707 613 2788 (Aa.
630 2726 678 2789 ap.
695 2708 783 2787 Non,
801 2714 872 2787 464,
888 2709 934 2771 ed.
952 2708 1132 2788 Ouieherat).

330 2809 345 2885 ἕ
368 2813 416 2870 49.
438 2808 520 2871 Dore
545 2808 639 2887 igitur
663 2807 695 2868 iu
723 2807 898 2886 compositis
925 2823 1050 2869 sensum
1078 2824 1166 2886 saepo
1193 2807 1282 2870 habet
1307 2824 1398 2888 quam
1516 2786 1517 2817 ³

291 2907 418 2985 simplex
447 2904 573 2967 verbum
601 2905 733 2984 ignorat,
764 2921 835 2966 cum
864 2908 983 2983 autem,
1013 2906 1068 2985 qui
1091 2922 1110 2967 a
1134 2922 1225 2967 seusu
1253 2905 1399 2986 simplicis

290 3004 416 3067 derivari
433 3008 569 3084 nequeat.
587 3002 671 3074 Quod
686 3004 713 3065 si
728 3003 808 3064 enim
819 3019 880 3064 non
893 3003 1004 3065 rationi
1018 3006 1164 3083 repugnat
1179 3004 1259 3066 verbi
1274 3020 1397 3066 sensum
1516 3070 1517 3075 ,

290 3121 308 3165 a
318 3102 461 3183 ponendo
482 3103 521 3164 ad
541 3101 678 3163 deodem
701 3101 841 3176 transire,
866 3101 987 3181 dieique
1009 3102 1074 3162 ein
1096 3118 1146 3162 me
1168 3103 1319 3180 ponitur»
1343 3119 1399 3182 pro
1516 3124 1517 3189 j

293 3222 307 3256 e
324 3202 356 3262 in
379 3217 429 3261 mc
442 3200 559 3291 datur»
576 3216 669 3279 quum
685 3201 740 3280 qui
762 3216 825 3261 rem
839 3200 905 3277 det,
922 3215 987 3260 rem
1004 3195 1182 3278 transferet,
1204 3203 1397 3280 transportet,

292 3300 442 3362 contraria
457 3297 585 3360 mulatio
599 3298 717 3376 concipi
733 3313 793 3359 nen
811 3300 916 3376 potest.
934 3295 1011 3358 Hinc
1027 3297 1231 3376 quaerendum
1244 3298 1398 3378 quodnam
1516 3314 1517 3379 4

291 3398 331 3459 sit
355 3397 479 3461 verbum
508 3395 589 3475 quod
619 3396 652 3457 in
678 3395 850 3473 compositis
878 3393 961 3456 verbi
988 3395 1063 3456 dere
1090 3395 1219 3458 deliteat.
1252 3393 1337 3466 Quod
1365 3400 1399 3458 ut

293 3497 477 3572 inveniatur,
493 3498 578 3554 cntra
592 3491 667 3555 lines
680 3492 792 3555 latinae
806 3493 929 3571 linguae
942 3492 1118 3572 aliquandiu
1133 3494 1315 3556 exeundum.

270 3654 274 3663 ,
332 3593 346 3672 §
368 3598 415 3654 24).
436 3590 520 3662 Quod
541 3590 566 3651 si
581 3590 649 3651 soni
670 3590 792 3669 linguae
812 3590 920 3651 latinae
934 3606 1005 3651 cum
1025 3590 1110 3652 senis
1123 3605 1247 3668 graecae
1269 3594 1299 3652 ct
1312 3607 1400 3653 sans·
1516 3624 1517 3671 3

292 3691 385 3753 critae
425 3688 634 3765 conteruntur,
668 3689 788 3766 apparet
808 3687 854 3748 ·in
888 3691 1104 3749 consonantem
1140 3686 1163 3748 d
1194 3688 1271 3750 duos
1308 3704 1400 3751 sonos
1516 3702 1517 3747 1

292 3787 501 3850 confluxisse:
534 3787 683 3866 primum,
714 3788 929 3847 consonantem
957 3787 980 3846 d
1006 3801 1145 3864 graecae,
1180 3787 1344 3849 sanseritae
1371 3791 1401 3848 et

294 3889 481 3947 caeterarum
495 3885 669 3946 arianarum
688 3884 722 3962 [si
736 3884 937 3964 germanicam
949 3882 1124 3962 exceperis),
1140 3884 1171 3945 id
1185 3889 1230 3946 est
1244 3885 1265 3944 d
1279 3884 1400 3963 linguae
1516 3864 1517 3899 ³

295 3983 556 4060 inde-europaeae3
568 3981 686 4061 deinde,
700 3982 865 4060 aspiratam
874 3982 994 4044 mollem
1003 3981 1312 4060 indeeuropaeaedle‚
1323 3999 1400 4062 quac

293 4193 454 4252 conferetur
464 4212 508 4251 ree
518 4194 632 4268 doeete,
644 4212 674 4252 re
682 4194 817 4259 doeetes;
831 4195 1015 4252 circumdetur
1024 4194 1087 4250 erbe'
1096 4212 1199 4266 meree,
1212 4194 1399 4251 circumdetur
1516 4248 1517 4253 ,

294 4283 361 4338 urbe
376 4301 461 4338 mero.
