3078 5054
211 684 244 742 ιο
256 678 528 760 Indo-europaeam
542 679 684 744 habuisse
697 681 740 743 dl
753 686 783 745 et
798 680 843 743 dd
847 699 860 761 ;

209 785 242 842 2⁰
254 777 441 859 lluropeeam
455 778 594 842 divisisse
607 779 738 842 vocalem
751 799 771 842 o
783 781 817 842 in
831 798 851 843 e
863 798 892 860 o,
908 780 950 843 ita
972 784 1008 843 ut
1028 779 1151 844 haberet
1168 780 1210 842 dt
1224 782 1277 862 do,

170 877 214 939 dd
236 874 277 938 dd
285 895 299 956 ;
314 877 722 958 unicuiquedeindelinguae
732 879 812 941 hanc
828 882 883 941 aul
900 878 984 941 illam
999 879 1134 942 vocalem
1152 878 1279 942 electam

169 974 267 1039 luisse
286 991 293 1036 :
317 976 428 1038 latinae
442 976 485 1037 dt
499 975 549 1056 do,
567 992 690 1056 graecae
703 976 743 1038 do
757 976 808 1054 do,
825 977 953 1040 slavicae
972 977 1015 1038 do
1040 977 1143 1056 (ψῃ
1167 977 1279 1057 quihus

169 1072 323 1136 informis
344 1072 452 1152 brevis,
476 1074 588 1154 quibus
607 1075 697 1155 longa
719 1076 934 1154 praeferretur,
957 1075 1060 1154 lingua
1082 1092 1219 1156 quaeque
1240 1076 1280 1139 ad

169 1171 290 1234 lihitum
304 1187 367 1234 nou
381 1172 486 1234 stricte
498 1172 630 1234 decrevit
647 1187 655 1233 :
671 1173 743 1235 hinc
757 1172 791 1235 iu
807 1174 902 1236 latina
919 1173 1030 1236 ‹rt-tor
1040 1176 1072 1236 et
1090 1171 1279 1249 coco-dom

167 1269 203 1331 in
215 1285 322 1350 graeca
343 1269 455 1353 δωυιήρ
478 1273 507 1334 ot
530 1271 644 1354 δουιήρς
659 1271 692 1333 iu
714 1271 809 1334 latina
822 1270 985 1352 donor-m
998 1272 1031 1334 iu
1048 1288 1154 1353 graeca
1172 1272 1280 1349 door-c

169 1371 201 1431 et
214 1368 328 1443 ader-5
344 1368 399 1447 (ap.
416 1364 622 1449 Hesychium).

210 1466 294 1546 533.
317 1465 355 1529 ln
379 1466 479 1529 radice
498 1466 562 1529 dle
584 1467 694 1530 similis
720 1467 828 1530 divisio
851 1467 930 1530 lecta
952 1470 1027 1530 est:
1055 1484 1164 1549 graeca
1192 1467 1281 1532 habet

170 1563 382 1626 tantummodo
396 1582 423 1641 e,
440 1564 559 1627 brevem
576 1567 631 1627 aut
653 1564 776 1644 longam
791 1581 799 1626 :
815 1567 858 1644 te,
874 1568 928 1644 θη;
948 1566 1123 1645 germanica
1144 1566 1233 1629 habet
1249 1569 1279 1646 d,

170 1661 197 1740 ὁ,
213 1660 232 1722 ό
247 1681 259 1723 .·
272 1663 292 1723 o
307 1663 339 1724 iu
354 1663 447 1724 veteri
470 1663 594 1725 leotisco
606 1662 680 1742 ια’-ί,
702 1659 720 1724 ἑ
739 1664 771 1724 in
784 1663 882 1744 gotico
895 1663 997 1743 de-ds,
1015 1662 1075 1726 oin
1089 1666 1282 1744 anglo-saxo-

169 1760 240 1821 nico
253 1756 295 1820 do
307 1763 337 1821 et
350 1760 383 1821 in
397 1759 494 1823 veteri
507 1761 631 1823 teotisco
651 1764 751 1822 tuo-m
775 1777 810 1823 ex
826 1757 917 1822 *td-on
934 1759 1016 1842 (vide
1030 1759 1152 1843 supra),
1169 1762 1282 1824 slavica

169 1858 259 1920 babet
273 1855 291 1918 ἐ
310 1858 343 1919 in
358 1853 437 1920 clo-ti
452 1880 467 1914 o
482 1874 592 1937 ponere
607 1881 636 1935 o,
660 1858 793 1938 depo-ti
818 1881 832 1914 ι
856 1859 954 1922 lacere
969 1882 997 1938 u,
1014 1858 1094 1922 dcl-lo
1111 1882 1126 1915 ι
1145 1876 1223 1939 opus
1238 1883 1253 1917 s
1268 1881 1276 1937 3

169 1955 313 2019 habuisse
325 1975 342 2017 e
355 1956 475 2018 videtur
488 1956 522 2018 in
536 1956 630 2037 dejdd
648 1954 690 2034 (ex
703 1954 845 2036 *ded-pol
864 1978 878 2013 e
894 1973 1002 2037 pono»
1017 1958 1138 2034 ,celtica
1149 1957 1282 2020 habete:

170 2053 288 2116 decim
304 2075 319 2110 o
336 2054 416 2116 facio
431 2077 458 2116 u.

212 2150 316 2215 Italica
330 2153 363 2215 iu
380 2152 510 2232 simplici
523 2152 616 2215 verbo
630 2148 753 2231 sno-io,
769 2151 1029 2231 superhabere,
1044 2157 1161 2215 servata
1173 2153 1283 2216 radicis

171 2266 248 2329 pura
270 2250 386 2326 vocali,
410 2248 517 2312 habuit
538 2266 609 2311 vero
627 2250 716 2311 etiam
735 2250 868 2312 vocalem
892 2268 920 2328 e,
944 2257 985 2331 τῷ
1009 2265 1149 2329 graecae
1175 2251 1215 2331 tin
1233 2252 1279 2330 sel

171 2349 414 2428 respondentem,
429 2348 537 2411 habuit
550 2348 664 2411 scilicet
685 2348 817 2412 radicem
830 2350 861 2428 se
874 2353 904 2411 et
917 2349 950 2411 in
963 2349 1137 2429 compositis
1149 2349 1283 2412 radicem

172 2445 226 2507 -dc
242 2446 264 2525 (ἕ
279 2445 340 2526 24).

211 2543 304 2608 Extra
326 2545 569 2625 conjugationem
594 2545 689 2608 luisse
702 2550 732 2609 et
751 2545 945 2608 o'deolarare
967 2543 1086 2608 videtur
1105 2542 1284 2617 coetaneo

171 2640 252 2720 quod
278 2642 311 2702 iu
334 2664 349 2696 ι
374 2641 578 2723 Etpmologico
605 2643 726 2722 linguae
746 2643 855 2705 latinae
877 2641 1017 2705 Lexicou
1040 2641 1178 2722 agnoscit
1198 2640 1284 2705 ercet

172 2739 375 2819 compositum
390 2756 426 2801 ex
440 2741 478 2802 od
493 2744 522 2802 et
536 2740 657 2820 domoc,
673 2741 824 2803 sanserito
837 2739 1000 2816 ‹llud-mou,
1016 2739 1058 2803 ita
1073 2743 1106 2802 ut
1119 2738 1285 2802 od-ddmeo

171 2836 230 2900 hoc
243 2837 283 2899 sit
295 2838 376 2918 qued
388 2841 468 2901 retro
477 2838 610 2918 pesitum
620 2844 676 2915 est,
690 2842 724 2902 ut
733 2840 760 2901 si
769 2839 854 2902 dicas
871 2843 1033 2917 repes-to,
1054 2838 1281 2918 ἀπωιθέμενον.

212 2934 226 3014 5
248 2939 296 2997 dl,
319 2934 436 2998 Euhoe
449 2935 546 3014 capite
559 2936 737 3016 colligamus
755 2951 762 2994 :

213 3037 245 3094 ⁴⁰
258 3031 401 3096 Radicem
425 3034 467 3095 do
483 3056 498 3089 ι
514 3034 586 3096 dare
602 3057 617 3091 s
633 3049 790 3096 occurrere
810 3034 844 3095 iu
868 3035 964 3096 latina
988 3034 1093 3114 lingua
1106 3051 1177 3097 cum
1194 3049 1285 3097 voca-

172 3130 285 3194 liboso
299 3129 335 3210 ‹i,·
348 3151 368 3193 o
383 3132 415 3193 in
428 3133 640 3213 conjugatione
653 3130 679 3210 ⁴,
694 3129 808 3194 dextra
822 3131 1073 3213 conjugationem.

212 3236 244 3292 2⁰
265 3228 406 3293 Radicem
422 3230 485 3293 dlro
501 3252 515 3287 e
528 3246 638 3311 ponere
651 3255 666 3288 u
683 3247 753 3293 cum
767 3230 922 3293 vocalibus
935 3250 984 3293 oe
1001 3228 1057 3312 (ol)
1066 3249 1081 3306 ,·
1099 3248 1119 3291 o
1140 3231 1172 3291 in
1185 3229 1284 3292 radice

172 3332 261 3393 aucta
277 3328 342 3410 tiae)
357 3350 365 3406 3
380 3331 443 3391 cin
456 3330 678 3411 conjugatione,
696 3330 722 3409 (o
736 3332 820 3391 extra
834 3318 1085 3411 conjugationem)
1097 3325 1122 3388 ².

213 3434 244 3490 3⁰
258 3425 297 3491 ln
307 3428 406 3491 radice
415 3429 468 3507 do,
480 3428 773 3529 cohaererelatinam
783 3427 934 3506 linguam,
945 3427 1045 3508 quoad
1058 3427 1199 3506 vocalem,
1212 3442 1283 3488 cum

173 3525 322 3589 sanserita
336 3529 366 3589 ot
378 3526 634 3606 indo-europaea3
650 3527 683 3589 in
696 3526 797 3589 radice
811 3524 876 3588 coc
888 3541 960 3589 oum
974 3541 1082 3606 graeca
1095 3529 1125 3587 et
1133 3524 1284 3607 plerisque

172 3641 340 3705 europaeis.

210 3936 237 3990 l.
254 3932 291 3990 Et
304 3933 335 3989 in
350 3930 495 3991 vocabulis
508 3945 582 4005 quac
596 3946 663 3988 cum
676 3930 761 3988 verbo
776 3929 873 3989 stricte
887 3931 1041 3991 cohaerent
1061 3930 1164 4005 (dolor,
1184 3931 1282 4003 dolio).

209 4023 237 4080 2.
253 4023 289 4080 In
311 4022 528 4081 «sacer-dds»
550 4026 645 4097 potest
666 4036 729 4078 asse
749 4020 823 4107 dri-s·
838 4028 898 4078 tam
922 4041 934 4075 ι
959 4021 1009 4094 qui
1033 4020 1108 4094 lacit,
1128 4021 1282 4094 disponit»

175 4129 261 4186 quam
279 4133 291 4165 ι
307 4112 419 4186 quidet
435 4132 460 4184 r,
475 4110 505 4170 id
519 4118 563 4169 est
576 4126 694 4169 manare
708 4126 744 4167 ex
758 4110 824 4180 dlro,
840 4126 926 4184 quam
940 4127 976 4168 ex
989 4110 1033 4166 do.
