3078 5054
773 531 932 589 ..pp-

302 662 392 723 latine
409 660 510 722 eedem
535 660 629 722 vocali
645 662 660 720 i
674 676 792 737 sonare,
812 662 855 723 ita
876 664 911 722 ut
924 659 1032 721 dedere
1045 661 1086 723 sit
1099 674 1160 721 non
1174 659 1263 721 modo
1279 657 1412 722 *dedere

300 757 354 821 sed
376 761 406 820 et
425 759 549 819 de-dere
567 773 604 820 ex
623 758 724 821 radice
747 759 785 820 de
809 758 871 838 lie),
896 761 925 820 et
945 758 979 820 in
999 757 1174 837 compositis
1192 757 1277 821 verbi
1294 757 1410 820 vocalis

300 873 318 916 e
330 855 370 918 sit
382 855 495 935 partim
508 857 624 935 innata,
639 870 701 918 non
714 859 815 920 autem
829 857 862 917 in
875 870 982 918 omnes
996 855 1107 919 formas
1114 855 1240 936 pervim
1249 858 1409 936 permeans

299 953 423 1016 inducta
437 946 461 1029 (5
475 954 515 1032 5).
594 957 596 960 ’

339 1053 353 1126 5
374 1053 423 1113 il.
446 1048 502 1112 liic
523 1052 623 1112 autem
647 1050 808 1131 insurgere
830 1050 948 1114 ridetur
969 1066 1005 1113 ee
1027 1050 1230 1131 reclamaret
1251 1055 1405 1133 pecorini.

298 1146 418 1211 Scilicet
431 1148 513 1228 apud
534 1147 659 1210 Latinos
672 1167 734 1210 eon
753 1166 869 1228 semper
890 1149 1051 1228 antiquum
1072 1149 1116 1210 db
1133 1148 1204 1211 ind
1220 1152 1421 1229 attenuatur,

298 1248 351 1311 sed
364 1248 574 1310 tantummodo
587 1263 685 1327 quum
698 1247 832 1309 medium
846 1250 903 1323 est,
924 1246 1015 1309 idest
1032 1246 1108 1309 inter
1122 1247 1238 1310 vocales
1251 1248 1384 1327 positum
1397 1268 1406 1325 3

297 1345 415 1426 quoties
429 1358 500 1407 vero
514 1344 652 1408 vocabuli
661 1349 752 1424 caput
763 1348 819 1424 est,
831 1344 865 1406 in
879 1341 898 1423 f
908 1347 1055 1406 mutatur.
1072 1342 1132 1424 Sic,
1148 1360 1244 1425 quum
1258 1346 1407 1408 senserim

297 1446 327 1505 et
340 1443 573 1523 indo-europaeo
589 1442 765 1522 andepo-s,
783 1443 960 1521 respondeat
983 1442 1076 1504 latine
1089 1442 1234 1520 medie-s,
1255 1443 1406 1506 sanserito

297 1543 327 1600 et
348 1540 583 1619 indo-europaeo
605 1540 747 1601 decimo-s
769 1539 931 1618 respondet
947 1538 1040 1600 latine
1057 1537 1185 1616 fumus.
1204 1536 1280 1601 Item
1300 1556 1406 1619 graeco

299 1639 430 1720 «θύρα»
452 1638 611 1717 respondet
627 1638 755 1699 latinum
775 1634 856 1717 soree
867 1656 881 1714 ,⁰
895 1650 1030 1716 graeco«
1051 1637 1104 1721 bip
1123 1661 1151 1715 a,
1173 1637 1303 1700 latinum
1323 1636 1402 1717 fea.

297 1732 373 1797 Hine
386 1752 483 1816 quum
498 1736 530 1796 in
544 1735 643 1798 radice
664 1735 738 1814 dte,
764 1737 806 1812 θε,
822 1734 953 1813 aspirete
972 1734 1012 1797 eit
1034 1734 1067 1796 in
1092 1736 1189 1815 capite
1205 1735 1356 1813 vocabuli,
1372 1735 1406 1797 in

296 1832 391 1895 latina
404 1833 510 1913 lingua
524 1833 640 1896 servari
650 1832 765 1912 debuit,
781 1833 814 1893 in
824 1831 1009 1909 sessibilata
1021 1853 1029 1910 ;
1043 1832 1193 1913 quomodo
1206 1833 1300 1913 igitur
1309 1832 1406 1913 potuit

295 1931 329 1992 in
344 1932 376 2011 d,
391 1936 538 2011 tanquam
552 1932 662 2009 media,
677 1930 849 1994 attenuari?

300 2022 303 2027 ’
335 2030 350 2107 ἓ
371 2035 420 2091 22.
437 2028 482 2091 Ad
502 2030 560 2092 hoe
583 2031 768 2109 respondent
789 2045 838 2091 res
860 2030 944 2109 ipsae,
965 2034 1124 2111 utramque
1145 2029 1239 2110 legem
1258 2032 1405 2092 serratam

295 2142 398 2189 revera
412 2126 508 2190 fnisse
523 2144 530 2188 ε
547 2131 761 2191 consonantem
778 2128 821 2189 db
836 2129 949 2191 scilicet
963 2128 1075 2207 duplici
1089 2128 1179 2191 modo
1199 2129 1403 2206 immutatam,

294 2229 384 2306 prout
403 2225 503 2288 media
522 2229 575 2289 aut
596 2227 685 2288 initio
704 2227 803 2306 posite
825 2230 921 2304 esset3
943 2226 975 2287 id
998 2230 1055 2303 est,
1074 2229 1163 2305 prout
1187 2226 1220 2288 in
1239 2227 1404 2304 composito

294 2323 388 2385 verbo
402 2327 455 2385 ant
470 2323 502 2384 in
519 2325 660 2403 simplici.
676 2322 755 2395 Ouid
773 2325 876 2403 enim?
892 2323 1080 2388 Vocabulum
1104 2323 1184 2403 quod
1208 2340 1314 2404 graece
1333 2323 1404 2385 del⁴

294 2423 389 2497 beroe
407 2425 504 2499 sonat,
520 2437 611 2501 quam
633 2423 760 2484 induere
780 2423 908 2484 formam
922 2423 954 2483 in
968 2422 1062 2484 latina
1076 2420 1196 2485 debuit?
1209 2422 1252 2484 llo
1269 2426 1405 2501 tempore

294 2535 356 2600 quo
370 2520 594 2598 praeeo-latino
609 2521 714 2600 lingua
728 2522 761 2582 in
776 2521 853 2583 duas
869 2519 967 2582 divisa
982 2525 1038 2598 est,
1056 2520 1181 2583 sonabat
1195 2519 1295 2583 adhue
1313 2520 1405 2600 *opo-

294 2618 428 2694 dbeto-s‚
443 2618 580 2681 nondum
595 2618 755 2680 immutata
763 2620 905 2698 antiquae
913 2619 1063 2697 aspiratae
1074 2623 1201 2695 natura3
1215 2635 1311 2698 neque
1323 2618 1404 2680 enim

294 2715 456 2778 verisimile
473 2719 594 2797 estjam
609 2716 653 2777 db
668 2732 722 2778 seu
741 2717 775 2778 in
793 2719 808 2778 b
823 2717 1010 2796 induratum,
1027 2733 1079 2779 seu
1099 2717 1132 2778 in
1145 2716 1167 2777 d
1180 2715 1343 2796 mollitum,
1359 2716 1402 2777 ita

294 2817 329 2875 nt
342 2830 396 2894 per
408 2814 557 2893 duplicem
571 2815 768 2898 mutationem
788 2813 890 2876 anille
905 2815 967 2876 bin
985 2814 1077 2876 latina
1092 2813 1151 2875 *dle
1168 2813 1201 2891 d,
1217 2815 1271 2874 aut
1290 2829 1326 2874 ex
1345 2812 1403 2874 hoa

294 2911 363 2972 din
378 2928 484 2990 graeca
498 2913 527 2973 *t
542 2913 576 2974 ile
590 2913 732 2990 oriretur,
749 2928 846 2992 quum
863 2911 1006 2974 facillime
1023 2914 1128 2974 contra
1141 2915 1171 2972 et
1190 2922 1329 2990 graecum
1345 2911 1404 2971 bet

294 3009 425 3071 latinum
440 3011 462 3071 d
475 3027 512 3072 ex
524 3010 649 3090 antiquo
663 3008 725 3072 dle*
750 3011 885 3072 diffluere
898 3011 1060 3089 potuerint.
1076 3008 1113 3073 In
1128 3009 1179 3070 illo
1192 3013 1293 3070 autem
1310 3024 1402 3086 proe-

295 3109 392 3170 totino
415 3109 639 3189 *opo-dbeto-s,
662 3109 705 3169 dle
725 3126 820 3189 quum
843 3109 977 3170 medium
1001 3111 1082 3170 esset
1109 3108 1187 3169 idem
1210 3106 1273 3186 pati
1299 3103 1403 3167 debuit

293 3207 376 3287 quod
390 3207 432 3268 db
452 3208 485 3268 in
500 3207 677 3286 praelatino
701 3206 883 3286 *mediceo-e,
905 3206 937 3268 id
960 3209 1006 3268 est
1028 3206 1060 3267 in
1083 3203 1283 3280 dattenuari,
1304 3204 1346 3265 ita
1369 3207 1404 3264 ut

294 3305 477 3367 vocabulum
501 3309 620 3367 sonaret
637 3305 832 3386 *opo-detes,
855 3303 935 3366 unde
955 3306 1070 3383 postea,
1086 3301 1173 3365 solite
1187 3302 1301 3364 vocalia
1320 3299 1402 3362 radi·

295 3402 370 3466 calis
392 3405 609 3480 attenuatione,
635 3402 838 3483 *epo-dito-s,
870 3401 1028 3463 ob-detes.
1054 3400 1128 3462 ltem
1154 3398 1403 3480 graeco-latinum

295 3495 499 3578 *eni-dictos,
535 3501 615 3563 undo
647 3517 788 3580 graecum
819 3500 969 3577 ἔν-θετο-ς,
997 3498 1184 3561 factumest
1213 3494 1399 3575 *eei-ditus,

292 3597 428 3659 inditus.
446 3597 511 3661 Non
525 3599 605 3677 quod
620 3604 723 3677 putem
738 3602 767 3659 et
781 3597 925 3660 voeabula
937 3619 951 3652 e
961 3594 1103 3675 deditm,
1119 3595 1236 3672 e-ditue,
1247 3595 1403 3675 pro-ditus

292 3701 466 3775 caeteraque
488 3712 523 3757 ex
545 3696 768 3776 graeco-latinis
791 3696 897 3758 formis
913 3697 979 3756 orte
998 3710 1063 3756 esse
1081 3710 1159 3773 quae
1176 3709 1282 3772 graeca
1296 3692 1401 3771 lingua

291 3795 428 3857 amiserit
445 3811 452 3854 :
472 3797 570 3874 potuit
582 3797 663 3857 enim
678 3795 783 3873 latina,
806 3793 859 3856 ubi
874 3797 962 3856 anate
975 3797 1045 3855 sunt
1061 3790 1181 3853 abditus
1199 3794 1253 3852 aut
1274 3790 1398 3868 inditus,

293 3908 329 3954 ex
342 3893 427 3954 omni
438 3894 658 3973 praepositione
671 3908 782 3955 novum
796 3893 892 3973 hujus
906 3891 1060 3972 generiset
1066 3890 1159 3969 hujus
1169 3888 1401 3968 significationis

291 3990 491 4070 compositum
509 3995 543 4054 ut
561 3990 649 4054 libuit
663 3990 844 4067 informare,
860 3994 1014 4054 caeterum
1029 3988 1079 4051 ubi
1093 3988 1127 4051 in
1141 3989 1257 4069 aliquot
1276 4003 1399 4066 compo-

325 4203 411 4262 l.*De
430 4180 532 4278 graeca
550 4203 729 4261 induratione
749 4201 844 4261 mollis
865 4202 1016 4274 aspiratae,
1041 4199 1107 4257 vide
1124 4200 1159 4258 G.
1177 4196 1285 4272 Ascoli',
1301 4200 1394 4256 Fano-

289 4293 375 4366 logia,
390 4293 405 4367 Ξ
420 4293 465 4350 el.
