3078 5054
191 704 193 707 ,
277 637 410 701 radicem
424 636 493 713 doc,
511 636 591 698 unda
600 636 795 716 por-dov-tm
808 637 987 714 (purtuvitm
999 640 1176 715 purtuvotu‚
1188 638 1383 718 purtuviestt

276 734 353 797 Hinc
375 735 409 796 in
433 735 529 796 latina
557 735 625 814 ipsa
645 736 800 796 orsi-dccc
818 751 854 796 eu
878 734 1077 796 *assideo-uc
1100 732 1149 816 (ab
1174 751 1243 798 aere
1264 737 1384 816 dando).

276 831 360 896 Adeo
372 848 446 895 vera
460 836 489 894 et
512 833 616 894 innata
638 837 684 895 est
705 833 778 895 baec
791 833 904 895 vocalis
924 850 956 910 u,
972 836 1009 894 ut
1022 832 1086 895 iub
1109 849 1164 914 per
1183 835 1389 913 praecedentis

277 931 472 994 consonantis
493 947 598 993 casum
612 931 750 994 indurari
771 935 871 1011 queat.
895 929 933 993 Ut
946 931 1029 993 euim
1051 948 1088 993 ex
1116 931 1212 1011 ditata
1237 934 1384 1013 docitem,

277 1029 433 1109 duellem,
450 1028 603 1108 Duellius,
619 1030 803 1092 indurantur
817 1032 871 1107 bis,
897 1029 1019 1108 oettem,
1045 1029 1175 1108 bellona,
1200 1030 1329 1111 Bellias,
1346 1034 1390 1095 ita

275 1126 309 1189 in
323 1127 417 1205 hujus
430 1127 474 1188 du
488 1127 600 1190 radicis
613 1127 767 1191 derivatis.
794 1127 912 1190 Etenim
927 1145 963 1190 ex
976 1126 1083 1188 dcere
1096 1128 1295 1191 derivandum
1310 1129 1387 1192 mibi

276 1225 396 1289 videtur
410 1224 544 1286 dcccco
557 1225 637 1305 quod
651 1226 761 1306 primo,
776 1226 927 1306 participii
936 1223 1052 1303 merei,
1063 1242 1156 1289 «eum
1163 1227 1216 1306 qui
1225 1227 1389 1290 datsindi-

276 1323 367 1401 cavit,
381 1323 454 1384 binc
468 1323 633 1401 liberatem,
649 1321 794 1402 doaum³3
810 1339 846 1385 ex
859 1340 920 1403 quo
933 1322 1068 1386 danaus
1079 1327 1183 1386 ortum
1204 1329 1251 1386 est
1264 1325 1384 1388 Maur.

277 1421 355 1484 Hinc
368 1421 459 1484 etiam
472 1422 575 1484 beatos
598 1443 613 1477 r
629 1422 746 1484 dives»
764 1438 772 1482 :
795 1420 1026 1500 opulentissima
1039 1426 1069 1485 ot
1082 1421 1259 1484 beatissima
1279 1408 1390 1486 civitas

278 1518 374 1598 (Cic.);
385 1554 425 1565 -
434 1523 560 1583 ornatus
619 1521 754 1583 bominis
765 1536 828 1582 non
838 1519 1003 1582 beatissimi
1018 1521 1221 1599 suspicionem
1234 1522 1387 1601 praeberet

277 1617 384 1698 (Nepos
411 1616 500 1697 riges.
529 1625 556 1681 8.
580 1618 630 1697 2);
661 1620 748 1680 beare
774 1621 819 1680 est
849 1639 863 1674 u
893 1619 1006 1680 donare
1035 1640 1051 1673 s
1078 1634 1086 1678 ε
1113 1619 1186 1680 coelo
1211 1618 1298 1681 Musa
1319 1620 1388 1682 beat

279 1716 373 1796 (Hoc,
390 1714 444 1779 Od.
470 1722 499 1778 t.
517 1720 546 1776 8.
572 1715 642 1793 29);
667 1750 707 1761 -
727 1715 844 1779 Fundet
865 1733 948 1796 opes,
972 1716 1152 1797 Latiumque
1175 1718 1274 1780 beabit
1296 1717 1387 1780 divite

276 1814 384 1893 lingua
401 1813 464 1892 (Ep.
482 1816 550 1874 tat.
568 1812 639 1891 751;
664 1815 751 1875 beare
771 1818 872 1876 autam
892 1830 929 1875 ex
949 1814 1094 1894 adjectivo
1115 1818 1220 1877 manat
1234 1816 1332 1876 *be-ur
1350 1842 1386 1868 =

278 1933 294 1966 tt
319 1911 461 1989 donatus,
484 1911 539 1990 qui
560 1910 649 1973 babet
668 1912 784 1974 bonum
806 1936 820 1969 s
843 1912 925 1992 quod
950 1911 1175 1975 substantivum
1197 1910 1278 1974 *bi-s
1298 1930 1387 1992 prae-

276 2009 373 2087 ponit,
389 2013 422 2069 ut
435 2026 514 2087 reus,
529 2027 576 2070 res
592 2007 741 2090 (Gorssen,
754 2008 794 2089 Η,
811 2010 890 2088 ait);
905 2008 984 2071 *bt-c
997 2013 1096 2072 nutem
1107 2008 1210 2072 *dot-s
1229 2010 1388 2090 praeponit

278 2107 361 2186 quod
375 2107 478 2169 eadem
501 2108 668 2169 rationeex
682 2107 835 2169 deteritur
848 2124 909 2187 qua
929 2105 1022 2168 did-s
1036 2124 1072 2169 ex
1085 2109 1187 2171 radice
1203 2108 1237 2169 dt
1253 2130 1268 2164 (ι
1284 2108 1387 2188 splen·

279 2204 350 2266 dere
365 2227 380 2260 >r
400 2204 482 2283 (secr.
504 2205 598 2284 ἀψά-
611 2207 643 2268 in
657 2206 832 2268 accusativo
847 2205 955 2285 dod-m
975 2208 1116 2269 «coetum
1127 2231 1155 2286 s,
1170 2223 1206 2269 ex
1221 2207 1322 2269 radice
1334 2206 1385 2282 di3

278 2301 315 2364 cf.
333 2301 439 2379 flavet,
455 2302 624 2381 Maiandros,
641 2301 680 2383 11,
696 2308 767 2373 477,
781 2305 852 2383 sq.).

316 2400 372 2462 Est
394 2401 488 2481 igitur
509 2400 593 2462 radix
618 2402 672 2478 du,
697 2405 727 2462 et
749 2400 801 2462 illa
821 2401 955 2481 quidem,
977 2417 1039 2464 non
1061 2402 1155 2464 latina
1174 2402 1275 2478 modo,
1291 2402 1344 2464 sed
1358 2406 1389 2465 et

279 2498 426 2561 umbrica.
454 2496 488 2559 In
513 2497 650 2561 umbrico
674 2499 745 2576 dcv,
771 2503 856 2561 oest
878 2499 993 2561 vocalis
1014 2498 1116 2560 eedem
1130 2516 1218 2580 quae,
1241 2500 1273 2561 in
1294 2500 1387 2562 latino

280 2599 399 2675 douc-o,
425 2596 538 2659 radicis
561 2597 621 2657 doc
647 2594 790 2678 (dic-em)
819 2597 955 2659 vocalem
980 2597 1091 2673 firmat,
1118 2598 1152 2660 in
1167 2614 1272 2678 macco
1291 2599 1387 2675 tob-o

278 2695 389 2757 radicis
403 2694 437 2755 tu
454 2692 559 2775 tto-0)
574 2695 717 2756 vocalem.
734 2693 818 2757 Hanc
832 2695 966 2757 eamdem
980 2695 1113 2757 vocalem
1127 2696 1248 2758 delitare
1261 2696 1292 2757 in
1311 2696 1387 2774 ipsis

279 2791 1384 2875 latinisformis‚duoffiduitcaetcrisque,necafflrmarinecnegaripotest,

279 2908 374 2971 quum
392 2891 544 2970 quantitas
557 2891 674 2953 incerta
684 2891 738 2968 sit3
748 2892 852 2953 adesse
861 2895 962 2954 tamen
971 2893 1133 2973 conjectari
1149 2893 1217 2954 licet
1230 2909 1266 2955 er
1280 2893 1385 2955 ortho-

279 2989 405 3070 graphia
418 2991 621 3067 ‹tr-duu-ttor,
634 2989 697 3052 sive
711 2989 949 3068 reduplicatione
958 2991 1068 3054 voeatis
1077 2991 1167 3071 longa
1179 2990 1384 3069 denuntiatur,

312 3291 337 3346 i.
363 3288 451 3345 Tases
474 3288 621 3363 persnimo
641 3294 743 3346 totum.
770 3289 861 3346 Surur
880 3287 1032 3360 perdooito
1045 3294 1190 3361 proseseto
1205 3288 1269 3361 (VI,
1289 3305 1314 3346 a.
1341 3291 1385 3362 55,

278 3384 344 3452 sq).
363 3398 375 3432 r
392 3376 507 3436 Tacitus
521 3385 650 3452 precator
663 3384 765 3436 totum.
791 3379 872 3435 Tunc
885 3377 1018 3450 porricito
1039 3385 1195 3451 prosecta»
1219 3378 1324 3451 (Brdal,
1340 3381 1386 3454 99,

278 3469 339 3541 384,
356 3486 379 3525 s.
400 3472 451 3540 v.).
468 3468 527 3524 Dov
548 3469 672 3526 flectitur
694 3470 730 3525 ad
745 3463 878 3542 quartum
901 3468 1041 3540 ordinem,
1063 3469 1141 3526 unde
1163 3470 1356 3528 contrahendo
1377 3495 1383 3527 ε

273 3559 418 3631 porditum
431 3559 541 3633 purtitu
550 3559 670 3630 perdita
683 3559 803 3630 purtitaf
813 3557 925 3632 purtius
943 3558 1119 3629 perdicerent.

313 3648 339 3707 i.
358 3646 466 3705 Suffixo
482 3666 563 3703 -οπο-
578 3646 655 3720 quod
669 3648 791 3705 occurrit
805 3647 944 3704 feminina
953 3646 1044 3704 forma
1053 3648 1084 3704 in
1094 3650 1181 3710 ἀκ-όνη
1192 3647 1277 3720 (quod
1288 3647 1384 3721 acuit),

278 3738 308 3792 in
323 3738 427 3803 ἀγχ-όνη
442 3735 529 3810 (quod
543 3737 642 3809 angit);
658 3735 734 3792 idem
749 3743 793 3793 est
806 3735 943 3793 suffixum
964 3737 1039 3810 quod
1062 3736 1165 3794 format
1185 3736 1334 3810 participia
1354 3739 1386 3794 in

277 3825 364 3898 priori
378 3826 605 3898 germanicamm
620 3827 782 3899 linguarum
793 3827 993 3901 conjugatione
1003 3826 1057 3900 (ex.
1069 3843 1096 3899 g.
1108 3826 1235 3899 geticum
1246 3827 1385 3901 bor-aad,

277 3915 429 3972 teotiseum
444 3916 587 3971 recentius
601 3914 761 3988 pedor-eat
785 3915 815 3971 in
830 3915 968 3972 sanserita
982 3915 1014 3972 fit
1028 3915 1112 3972 solita
1126 3915 1310 3987 productione
1321 3916 1386 3970 dna

279 4003 357 4078 quod
372 4004 476 4061 format
489 4004 635 4078 partieipia
647 4005 678 4061 in
691 4005 841 4079 posteriori
856 4005 1066 4079 conjugatione,
1082 4000 1159 4079 quae
1170 4005 1258 4078 priori
1272 4022 1384 4079 germa-

276 4093 359 4152 nicae
374 4093 533 4166 respondet.

313 4185 339 4242 3.
356 4181 435 4241 Vina
446 4181 529 4237 bonus
543 4199 618 4256 quae
627 4182 730 4242 deinde
743 4183 820 4241 cadis
835 4190 967 4240 onerarat
977 4183 1097 4242 Acestes
1114 4201 1120 4240 :
1136 4184 1217 4240 bocar
1230 4191 1274 4241 est
1287 4200 1385 4241 revera

277 4290 295 4329 a
308 4271 435 4343 *derude
450 4271 550 4327 mam.
