3078 5054
640 529 799 585 ..33-

163 661 299 742 linguam
318 660 473 721 restituere
492 656 593 738 qualis
605 659 669 718 crat
683 672 718 718 eo
731 658 886 718 momento
899 655 1043 734 temporis
1058 671 1120 735 quo
1141 655 1274 735 populus

162 774 296 840 aryanus
316 757 434 820 divisus
457 757 502 818 est
524 771 531 815 :
557 755 618 817 huo
642 771 740 835 usquo
764 754 857 816 ducos
882 752 987 832 habes,
1012 753 1135 833 linguas
1160 752 1274 816 scilicet

164 873 242 937 quae
256 856 328 918 hinc
350 853 592 930 descenderunt3
606 853 701 915 altius
721 853 748 915 si
761 855 890 933 repetas,
915 851 947 912 in
968 850 1084 914 deserto
1106 851 1189 913 solus
1201 851 1273 913 eris.

203 952 308 1018 Notari
323 958 425 1016 umen
438 955 538 1032 potest
548 952 590 1013 dc
602 955 633 1012 et
647 951 711 1012 dtu
725 967 787 1012 non
798 950 879 1013 solas
890 949 997 1012 essein
1010 967 1030 1010 a
1041 948 1156 1012 radices
1165 949 1277 1030 quibus

166 1053 247 1115 adsit
261 1069 362 1114 comes
375 1051 462 1113 radix
477 1052 510 1112 in
523 1068 554 1113 o.
570 1049 650 1112 ldem
665 1049 703 1112 de
717 1049 816 1112 radica
826 1054 875 1109 ota
889 1050 1018 1111 constat.

204 1150 325 1225 Etenim
342 1149 375 1211 iu
388 1149 495 1226 latina,
516 1152 721 1210 re-otoc-rcre
738 1145 780 1227 (id
794 1149 841 1210 est
857 1146 997 1208 stabilem
1020 1161 1130 1209 rursus
1150 1146 1252 1225 facore)
1267 1165 1276 1222 3

166 1251 199 1309 iu
211 1264 329 1327 graeca,
341 1253 481 1326 goat-oco,
495 1247 637 1324 στὺ-λο-ς,
654 1249 812 1329 σταυ-ρόω;
826 1244 858 1307 in
872 1244 1016 1308 lituanica
1027 1248 1149 1306 stov-tto·
1159 1241 1275 1324 (stare),
1398 1279 1403 1290 ·

166 1347 296 1407 stri-roeo
319 1345 359 1424 (id
380 1349 426 1407 ast
449 1344 614 1406 *stoc-mco
630 1365 645 1399 a
664 1347 780 1406 statura
796 1341 825 1425 o)
841 1364 849 1421 3
865 1343 898 1404 iu
920 1342 1031 1405 slavica
1043 1347 1166 1405 stoc-itt
1184 1365 1199 1399 a
1214 1345 1277 1405 sta-

167 1448 251 1506 tuere
263 1467 277 1500 »
290 1465 298 1520 3
311 1444 345 1504 in
355 1442 503 1505 sanserita
511 1441 639 1518 sttdeoa
652 1441 823 1521 (columna),
837 1442 990 1502 otico-iro
1002 1438 1050 1520 (ι.-
1060 1440 1112 1502 lat.
1125 1446 1259 1502 stauros
1265 1459 1278 1519 ;

166 1542 248 1604 unde
261 1541 463 1619 comparativo
485 1537 686 1621 sclao-tyana,
705 1540 817 1619 superl.
841 1538 1051 1618 ottae-istria)
1076 1561 1091 1594 a
1113 1539 1277 1616 solidus»,

165 1638 274 1701 othrico
291 1639 364 1718 tid.);
381 1640 413 1701 iu
427 1638 547 1701 sandica
558 1643 676 1721 ctae-to
692 1638 860 1701 «solidus»
881 1636 967 1718 (lusti
981 1637 1146 1700 llandbuoh
1161 1654 1186 1700 s.
1205 1635 1276 1720 cadit

167 1753 230 1799 une
249 1736 423 1814 conspirant
443 1736 482 1797 ad
504 1735 720 1798 declarandum
741 1735 839 1798 fuisse
858 1735 892 1797 in
912 1734 1152 1815 indo-europaea
1172 1734 1280 1814 lingua

166 1834 298 1897 radicem
312 1839 374 1914 sto,
389 1834 525 1915 ejusdem
537 1851 649 1898 sensus
662 1836 751 1915 cujus
762 1834 823 1895 stit.
912 1838 918 1849 l

205 2029 315 2093 Nostra
337 2029 511 2110 disquisitio
535 2029 581 2090 sic
603 2027 703 2107 colligi
727 2030 850 2106 potest:
872 2025 1000 2089 verbum
1022 2025 1098 2087 dore
1118 2031 1223 2089 manat
1242 2043 1278 2088 ex
1385 2086 1387 2092 ,

169 2127 268 2190 radice
285 2127 496 2205 indoeuropaa
509 2126 564 2202 dd,
578 2142 657 2206 quae
671 2126 703 2186 iu
718 2124 818 2186 italica
830 2124 937 2203 lingua
950 2124 1059 2204 triplici
1073 2124 1163 2188 modo
1175 2126 1280 2206 conju·

170 2229 273 2305 gatur:
291 2225 445 2288 t⁰direote
460 2240 468 2285 τ
483 2225 617 2302 uit-mos,
631 2223 728 2285 vocali
747 2241 767 2284 a
789 2226 944 2284 attenuata
965 2223 997 2283 iu
1016 2239 1031 2283 e
1055 2222 1280 2303 incompositis

171 2324 316 2401 (od-dero,
330 2323 520 2400 *ad-demus,
535 2322 727 2402 od-dtmcsl;
743 2329 776 2384 20
794 2339 865 2384 cum
886 2326 1048 2401 augmento
1061 2339 1100 2383 oe
1114 2340 1125 2382 :
1140 2323 1279 2402 doouot;

167 2429 198 2484 3⁰
216 2422 453 2502 reduplicative:
471 2422 528 2484 dtu
544 2421 567 2501 (ᾗ
581 2422 640 2501 26).
658 2420 736 2484 llaec
749 2421 835 2484 radix
855 2421 888 2482 in
910 2419 1091 2501 quibusdam
1104 2420 1279 2483 nominibus

165 2517 200 2581 tit
209 2518 249 2580 dd
262 2515 392 2605 (donum)
409 2521 491 2602 quod
499 2525 704 2600 repraesentat
718 2520 991 2599 iudo-europaeum
1006 2519 1059 2597 dd,
1074 2535 1118 2599 gr.
1136 2520 1187 2582 δω,

205 2616 317 2680 Aderat
326 2621 412 2700 juxta
426 2619 558 2681 radicem
574 2619 616 2680 do
626 2621 690 2699 jam
705 2619 738 2680 in
753 2617 988 2697 indo-europaoa
1000 2617 1108 2697 lingua
1121 2617 1208 2679 radix
1222 2617 1276 2697 do,

166 2733 243 2796 quae
257 2719 438 2798 conjugatur
460 2717 573 2796 triplici
585 2716 674 2778 modo
690 2733 697 2776 :
716 2720 747 2778 l⁰
762 2716 875 2778 directe
891 2732 899 2776 τ
916 2716 1014 2778 oto-im
1022 2735 1034 2794 ,·
1050 2721 1080 2776 20
1103 2715 1142 2777 ad
1156 2715 1280 2778 tertium

167 2815 305 2876 ordinem
325 2831 332 2875 :
351 2815 460 2877 doc-cre
469 2834 482 2894 ;
497 2821 525 2876 3·
540 2814 579 2877 ad
592 2817 735 2895 quartum
751 2830 758 2875 :
770 2817 976 2894 pertusata,
993 2813 1128 2893 ‘doira
1144 2813 1237 2875 -dc'ra

206 2912 242 2974 ln
255 2913 432 2991 compositis
445 2912 558 2975 coaluit
569 2913 602 2974 in
616 2912 715 2974 unuin
729 2929 799 2974 oum
814 2913 856 2973 do
873 2910 1050 2992 (dimutto),
1066 2911 1189 2992 quaein
1203 2912 1279 2973 sim·

166 3010 238 3089 plici
253 3010 343 3073 verbo
356 3013 518 3091 conjugata
538 3016 626 3073 sonet
641 3027 649 3071 :
664 3016 696 3073 t⁰
710 3007 747 3090 fo
769 3009 922 3091 (soc-iol5
943 3016 974 3073 2⁰
989 3011 1020 3088 fc
1044 3009 1136 3088 lumb.
1156 3006 1278 3089 fed-to,

169 3105 270 3186 *fe-to,
284 3107 337 3190 fio)
349 3128 362 3185 ,·
377 3109 409 3170 in
422 3108 596 3189 compositis
609 3111 697 3172 sonat
711 3109 766 3170 -de
779 3108 861 3189 quod
874 3106 987 3171 coaluit
1010 3124 1081 3170 cum
1094 3106 1149 3169 ·dc
1170 3107 1280 3188 exfda

167 3210 332 3270 attenuato.

206 3304 316 3368 Aderat
340 3309 429 3386 Juxta
456 3306 533 3386 dha,
562 3307 648 3370 radix
676 3307 912 3385 indo-europaea
935 3303 999 3366 dtu
1022 3320 1100 3385 quae
1127 3305 1160 3366 in
1187 3304 1280 3367 latina

167 3403 275 3483 lingua
289 3420 358 3466 cum
371 3401 414 3464 du
427 3405 549 3466 coaluit.

207 3500 288 3572 Quae
303 3502 336 3563 in
349 3502 406 3563 hac
422 3500 529 3563 tabdla
543 3501 750 3581 exprimentur
766 3517 774 3562 ε

371 3599 409 3662 da
423 3598 543 3661 domos
660 3612 663 3620 ’
730 3600 781 3678 tta,
802 3600 839 3680 set
855 3596 937 3679 socio
947 3619 959 3676 ;
973 3597 1070 3678 fe-itc

371 3697 568 3760 -deod-dere
729 3700 783 3760 -de
796 3697 931 3760 cre-dere
1009 3766 1010 3769 Ἴ

370 3796 442 3858 dan
455 3795 611 3857 doc-oct

371 3894 440 3957 ‹ti-d
454 3894 556 3955 diro-a

370 3986 409 4053 dd
423 3993 570 4055 docco-m

371 4088 412 4149 du
428 4090 541 4152 ‹lo-im.
731 4089 788 4151 -du
802 4090 986 4166 aeduum,
1002 4089 1152 4150 ooo-dire.

1144 4403 1161 4456 3
