3078 5054
768 561 928 619 ..20-

288 693 481 775 plicationem
493 695 639 773 arguunt,
657 690 821 753 nonnullae
842 694 916 752 sunt
928 705 1007 770 quae
1029 689 1090 752 elio
1110 705 1146 752 ex
1169 691 1250 752 tonte
1272 694 1399 753 manent
1433 744 1442 761 .

287 795 319 855 et
343 791 437 855 radici
466 807 558 871 purae
590 807 627 853 ac
657 790 759 852 nudae
785 788 894 852 suffixa
919 792 1082 869 apponant.
1114 786 1297 869 Hujusmodi
1325 793 1401 852 sunt
1522 860 1526 879 ¹

288 887 474 954 infinitivum
487 889 576 967 ‹tc-ti,
588 888 735 967 supinum
746 886 846 965 clo-td,
857 904 936 968 quae
945 904 981 950 ex
991 886 1041 966 dc,
1049 902 1111 949 non
1120 903 1158 949 ex
1169 886 1239 950 dod·
1247 888 1398 965 oriuntur,

287 1005 323 1051 ex
337 1005 399 1069 quo
412 987 574 1050 exstitisset
590 986 710 1065 *doe-tt,
736 985 876 1061 *das-cm·
890 1001 1065 1066 quanquam
1083 985 1177 1048 fateor
1200 986 1288 1066 objici
1311 1001 1400 1065 posse

287 1087 376 1167 darc,
402 1086 490 1148 ‹lc-tri
517 1102 577 1147 non
606 1102 673 1148 esse
699 1100 801 1147 revera
826 1084 961 1146 verbales
987 1084 1110 1162 formas,
1137 1084 1189 1146 sed
1214 1083 1338 1147 nomina
1365 1084 1400 1147 in

286 1186 412 1248 verbum
426 1184 561 1262 inducta,
577 1184 814 1263 necquidquam
828 1182 902 1244 hinc
915 1182 1119 1261 colligendum
1133 1182 1235 1262 quoad
1257 1184 1401 1263 conjuga·

287 1285 416 1362 tionem3
432 1283 470 1345 ad
485 1283 687 1363 germanicam
701 1284 865 1344 vertamur.
883 1280 938 1342 Hic
951 1281 1075 1359 quidem
1087 1279 1160 1341 dc«
1177 1281 1250 1343 dare
1266 1304 1281 1338 s
1297 1280 1398 1358 deest,

286 1382 371 1444 adest
384 1396 456 1443 vero
468 1379 530 1442 dtu
546 1381 681 1459 «ponere
690 1401 719 1457 s,
734 1395 890 1459 quumque
903 1381 1033 1458 utraque
1047 1378 1133 1441 radix
1142 1377 1278 1441 eamdem
1291 1381 1400 1459 conju-

287 1480 437 1559 gailonem
461 1478 548 1558 sequi
571 1478 676 1555 soleat,
700 1480 734 1539 ut
755 1480 879 1556 apparet
898 1492 934 1538 ex
954 1477 1061 1555 graeco
1081 1476 1223 1556 δί-δω-μι,
1249 1478 1398 1556 cinq-cm

285 1594 323 1639 ex
333 1577 478 1640 sanserito
488 1574 654 1655 dodo-mi,
668 1574 842 1637 dodica-mi
847 1593 860 1650 ;
870 1592 906 1637 ex
916 1574 1039 1637 zendico
1049 1571 1232 1657 ‹lo-doddoni
1244 1571 1398 1654 (daddmij,

286 1673 462 1737 dunione
478 1672 653 1756 (dadhdmij3
670 1690 705 1735 ex
720 1673 832 1735 slavico
847 1672 994 1734 *dc-d-mi
1011 1671 1105 1752 (domi
1119 1695 1134 1728 c
1150 1672 1189 1736 do
1207 1672 1246 1752 s),
1261 1670 1399 1733 *de-dici
1525 1686 1526 1693 ¹

289 1770 391 1855 (dojdo‘
407 1795 422 1829 e
438 1789 517 1853 pono
533 1772 579 1852 »j3
594 1771 758 1834 verisimile
771 1775 817 1834 est
830 1771 873 1832 ita
885 1788 934 1834 res
947 1788 979 1834 se
995 1772 1027 1833 iu
1050 1772 1224 1852 germanica
1243 1771 1396 1849 habuisse,
1525 1816 1526 1821 η

286 1875 321 1935 ut
351 1871 461 1934 radicis
490 1869 553 1932 dle
585 1871 755 1951 conjugatio
790 1871 920 1932 amissae
948 1870 1060 1934 radicis
1085 1868 1126 1931 olo
1157 1870 1412 1954 conjugationem·
1525 1892 1526 1895 ¹

286 1970 395 2032 referat
422 1988 429 2030 :
454 1968 509 2031 illa
531 1972 634 2032 autem
660 1969 763 2031 eadem
786 1972 833 2031 est
853 1986 930 2049 quae
952 1969 1042 2031 latini
1067 1967 1154 2047 dore,
1179 1969 1220 2031 ita
1240 1972 1275 2031 ut
1297 1968 1399 2048 quood

285 2072 529 2148 conjugationem
558 2068 693 2130 conterre
720 2069 849 2148 possis:
875 2072 962 2129 vetus
984 2067 1142 2130 teotiscum
1166 2073 1275 2146 tonan,
1304 2073 1395 2146 too-s,

286 2172 379 2246 tuo-t,
395 2162 534 2242 tuo-mdo,
553 2172 645 2244 too-t,
660 2171 777 2243 tuo-m,
792 2182 862 2227 cum
878 2167 971 2228 latino
987 2161 1060 2247 (do),
1075 2165 1152 2245 clo-s,
1168 2166 1248 2247 ‹lo-t,
1263 2164 1398 2244 donnus,

286 2266 393 2344 ‹lo-tis,
409 2265 500 2326 do-nt
516 2264 564 2350 joe
576 2264 700 2327 teotisca
714 2264 902 2344 diphthongo
915 2283 966 2342 no,
982 2282 1009 2327 r.
1026 2264 1047 2324 i.
1065 2263 1079 2344 j
1094 2263 1158 2345 3l).

324 2363 356 2427 Si
366 2365 487 2426 tandem
502 2379 596 2442 nsque
615 2362 653 2424 ad
667 2363 847 2425 sanseritam
861 2362 1059 2442 regredimur,
1076 2362 1162 2424 docet
1175 2377 1234 2425 nos
1250 2360 1397 2425 Indorum

285 2460 553 2542 grammaticorum
575 2460 718 2539 princeps
738 2457 847 2521 Pinini
875 2460 988 2522 directe
1007 2460 1166 2540 conjugari
1187 2459 1320 2522 radicem
1344 2458 1396 2537 dd,

282 2559 435 2640 hujusque
466 2557 691 2638 conjugationis
712 2558 909 2620 veterrimum
940 2558 1108 2620 sanseritae
1132 2557 1254 2637 linguae
1286 2573 1395 2619 mouu-

282 2662 419 2720 mentum
440 2654 497 2733 llig
519 2654 601 2719 Vcda
624 2655 760 2734 exempla
785 2655 891 2717 latinis
911 2654 1018 2717 formis
1039 2656 1165 2717 omniuo
1188 2659 1395 2717 consentanea

283 2756 406 2819 tradit:
433 2752 523 2832 dot-ti,
551 2753 638 2832 do·t;
661 2753 759 2831 dut-tu,
791 2753 899 2832 do-to,·
928 2755 1060 2833 dat-tuo,
1089 2753 1228 2833 ὀψία-3,·
1259 2753 1397 2815 dd-tu-on

285 2851 409 2933 (inllnj,
423 2849 576 2913 cta-tuom
590 2870 604 2929 ,·
617 2866 750 2930 quornm
763 2850 971 2929 exemplorum
984 2850 1033 2913 vis
1046 2850 1186 2912 llrmatur
1201 2849 1352 2912 similibus
1365 2849 1396 2910 in

282 2950 382 3013 radice
395 2948 459 3011 died
468 2948 585 3027 formis,
601 2953 651 3009 ut:
662 2947 775 3026 dld-ti,
785 2947 876 3010 dle-s
892 2947 1020 3029 (ponas),
1031 2948 1121 3011 dtu-t
1136 2948 1259 3029 (ponat),
1271 2948 1397 3011 dddmc

284 3047 468 3128 (ponamus),
482 3046 592 3109 dioto
610 3047 743 3127 (ponito),
759 3045 902 3108 did-tom
919 3044 1033 3127 (ponite
1046 3046 1156 3126 ambo),
1172 3050 1229 3109 etc.

322 3144 451 3208 Zendica
475 3146 548 3207 item
570 3148 732 3225 utramque
752 3144 995 3224 conjugationem
1020 3145 1114 3223 norit,
1138 3160 1194 3206 nec
1215 3144 1305 3207 modo
1326 3161 1396 3207 cum

282 3260 390 3325 graeca
409 3241 603 3322 ‹lc-djlcjdtdt
625 3243 771 3319 (tito-cr)
787 3242 887 3321 habet,
904 3243 956 3306 sed
969 3260 1039 3305 cum
1059 3243 1154 3305 latina
1169 3258 1289 3324 quoque
1304 3242 1398 3304 ddi-ti

285 3342 353 3421 (dat)
367 3363 375 3420 3
390 3340 464 3405 hine
477 3343 569 3404 etiam
582 3338 690 3420 ddi-di,
706 3338 824 3419 mccc,
840 3338 958 3420 dat-rud,
978 3339 1075 3420 ald-td,
1093 3338 1180 3402 utto
1199 3340 1257 3419 (da,
1276 3340 1395 3419 demus,

282 3442 363 3519 date,
378 3440 476 3520 datus)
493 3460 501 3517 ;
527 3439 598 3502 item
614 3440 648 3502 in
670 3439 769 3502 media
783 3456 856 3503 voce
870 3436 987 3501 docile
1001 3435 1139 3520 (ltaliae),
1160 3436 1260 3501 ddi-tt
1282 3439 1395 3517 (areae

281 3536 413 3619 δίδοται).
840 3542 842 3546 '

282 3733 316 3795 in
341 3734 434 3795 latina
459 3733 563 3813 lingua
587 3734 674 3813 regit,
700 3734 818 3795 sintin
844 3733 954 3795 slavica
975 3737 1004 3795 et
1023 3732 1193 3812 germanica
1214 3732 1341 3811 indicia,
1363 3733 1395 3792 in

283 3835 431 3896 sanserita
443 3838 473 3896 et
487 3833 610 3895 zendica
622 3835 767 3913 exempla,
783 3834 963 3896 concludere
976 3837 1006 3895 et
1020 3834 1137 3895 licitum
1151 3835 1180 3893 et
1190 3833 1394 3895 necessarium

282 3932 383 3994 estin
406 3931 509 4011 lingua
530 3931 766 4011 indo-europaca
793 3936 822 3992 et
847 3931 928 3993 hanc
954 3932 1202 4011 conjugationem
1228 3931 1393 4010 exstitisse,

281 4030 324 4091 ita
337 4033 373 4091 ut
385 4028 469 4091 radix
479 4029 518 4091 dc
531 4030 700 4091 flecteretur
710 4046 763 4091 seu
777 4029 932 4108 primarie,
944 4045 998 4092 seu
1014 4028 1245 4108 reduplicative3
1261 4045 1394 4108 quarum

282 4128 540 4209 conjugationum,
564 4129 643 4191 hanc
664 4131 767 4208 postea
789 4127 991 4209 praevaluisse
1013 4127 1047 4189 in
1071 4126 1232 4207 sansonie,
1256 4128 1389 4204 zendica,

318 4286 344 4377 l.
360 4320 459 4390 Quoad
474 4322 674 4396 quantitatem,
691 4323 726 4380 cl.
742 4322 826 4393 infra,
842 4323 856 4394 j
871 4322 915 4379 3l.

322 3638 337 3711 j
358 3642 407 3698 30.
430 3633 532 3706 Quum
555 3636 649 3715 igitur
664 3597 828 3716 primariae
848 3635 1083 3716 conjugationis,
1105 3650 1184 3713 quae
1204 3633 1335 3696 radicem
1353 3632 1395 3694 ola
1524 3698 1525 3701 ,
