3078 5054
708 1748 737 1818 I,

213 1968 281 2033 Cur
295 1987 317 2033 a
333 1970 366 2033 in
379 1968 604 2055 conjugatione
617 1970 707 2035 verbi
721 1971 809 2037 dore
824 1971 865 2036 sit
879 1971 996 2037 brevis.

211 2192 267 2263 §t
284 2188 416 2253 Verbum
430 2191 505 2252 dure
518 2191 652 2255 vocalem
668 2211 698 2268 u,
714 2191 740 2253 si
754 2191 811 2252 dds
826 2191 988 2270 exceperis,
1004 2191 1116 2272 ubique
1127 2192 1250 2273 corripit
1267 2207 1275 2252 :

350 2290 411 2368 (do,
426 2290 493 2368 das,
508 2289 584 2372 dat),
598 2291 717 2369 dimus,
733 2291 826 2370 ditis,
847 2290 936 2369 [danti
951 2311 959 2368 3

350 2388 475 2464 ddbum,
491 2392 560 2466 etc.;
576 2388 667 2463 ddbu,
684 2392 754 2467 ete.;
771 2389 889 2467 dducm,
906 2393 976 2466 etc.;

350 2484 425 2546 ddre
434 2504 447 2561 ;
462 2485 551 2565 doru
566 2486 669 2547 ditus·

222 2580 280 2659 §2
306 2579 382 2644 Hinc
401 2586 526 2661 apparet
549 2583 676 2644 verbum
690 2584 765 2645 dure
780 2584 895 2662 primae
908 2582 1129 2663 conjugationis
1150 2583 1278 2661 speciem

170 2684 291 2742 tantum
305 2679 416 2741 referre
432 2696 438 2740 :
454 2683 542 2761 cnjus
555 2682 672 2743 ordinis
688 2697 723 2742 ea
737 2686 783 2743 est
799 2682 887 2758 ratio,
906 2684 941 2743 ut
956 2682 1062 2758 radici,
1078 2698 1132 2761 per
1145 2681 1279 2743 vocalem

171 2778 191 2837 d
213 2775 358 2851 auctae⁴,
384 2779 536 2841 addantur
558 2795 701 2858 personae
723 2796 758 2841 ac
781 2779 926 2858 temporis
951 2779 1053 2859 signa3
1080 2783 1126 2857 ut,
1152 2778 1279 2858 exempli

174 2875 279 2953 gratia,
294 2874 327 2936 in
338 2875 448 2955 riqd-s,
472 2875 635 2956 ripa-bum,
661 2877 788 2955 clod-bo,
807 2893 949 2955 personae
965 2893 1001 2939 ao
1018 2876 1164 2956 temporis
1189 2877 1281 2956 signa

172 2990 209 3050 -ε,
226 2974 322 3051 -dom,
337 2975 397 3052 -do,
411 2976 510 3054 θέματι
519 2975 618 3053 rip-d-
628 2974 788 3051 addantur,
801 2975 832 3037 id
844 2979 890 3036 est
900 2973 994 3038 radici
1002 2978 1051 3055 riq
1062 2991 1117 3053 per
1129 2975 1149 3036 d
1162 2978 1278 3037 auctae.

171 3068 254 3142 Quae
276 3072 388 3135 vocalis
409 3073 477 3134 din
498 3072 591 3135 verbo
614 3073 688 3134 darc
709 3089 804 3153 quum
828 3073 916 3151 desit,
936 3074 1097 3154 conjectari
1118 3073 1188 3135 licet
1205 3062 1284 3134 illud

171 3185 233 3231 non
255 3170 373 3248 primae
393 3170 600 3250 conjugationi
620 3171 852 3248 accensendum,
868 3171 920 3233 sed
940 3169 1083 3251 antiquae
1097 3170 1141 3231 illi
1154 3186 1190 3232 ac
1206 3186 1281 3250 pene

41 3285 47 3293 ·
171 3266 320 3329 obsoletae
343 3267 375 3328 in
393 3284 454 3348 qua
475 3284 621 3348 personae
633 3285 668 3331 ac
683 3269 828 3349 temporis
845 3268 933 3349 signa
952 3267 1060 3350 accipit
1082 3268 1148 3348 ipsa
1164 3267 1278 3342 statim,

171 3364 255 3426 nuda
268 3380 324 3426 nec
336 3363 399 3426 ullo
412 3365 595 3427 incremento
609 3370 708 3445 aucta,
724 3367 820 3429 radix.

211 3459 294 3532 Quae
309 3462 432 3542 quidem
442 3463 625 3543 conjugatio,
641 3480 733 3544 quam
750 3467 921 3545 sequuntur
935 3463 968 3525 in
983 3479 1089 3544 graeca
1102 3463 1206 3543 lingua
1218 3478 1281 3525 non

171 3552 377 3638 puuca'verba
404 3560 438 3639 (e.
464 3578 493 3641 g.
517 3564 627 3643 poi-uno,
659 3563 743 3624 radix
762 3584 868 3645 <pu-pm
889 3563 986 3644 φη-μί,
1011 3562 1119 3643 {on-u,
1139 3562 1279 3644 φα-ίη-ν),

171 3657 292 3719 nullum
305 3660 370 3738 jam
384 3658 418 3719 in
431 3659 526 3721 latina
539 3658 667 3722 verbum
686 3664 782 3720 totum
796 3660 874 3740 regit
890 3676 897 3721 :
914 3676 950 3721 ex
963 3659 1020 3734 hac
1034 3662 1134 3720 tamen
1147 3659 1281 3738 pendent

170 3756 286 3835 pluteo,
309 3772 388 3836 qnae
413 3757 597 3835 irrepulores
626 3758 771 3820 dicuntur
793 3758 919 3837 formae,
948 3761 977 3819 et
999 3757 1069 3820 illae
1095 3758 1220 3837 quidem
1245 3775 1281 3820 er

171 3854 348 3933 hujusmodi
362 3853 517 3917 radicibus
531 3858 612 3916 ortae
631 3871 708 3935 quae
732 3873 789 3918 usu
807 3855 1051 3936 frequentissimo
1073 3855 1278 3933 celebrentur3

171 3951 253 4031 quod
266 3952 387 4031 quidem
397 3952 474 4014 nihil
489 3953 559 4013 miri
570 3954 602 4014 in
612 3952 753 4032 sehabet,
764 3970 860 4034 quum
873 3970 909 4015 ea
918 3953 1111 4034 potissimum
1121 3952 1278 4032 vocabula,

170 4066 250 4130 quae
263 4049 384 4128 saepius
394 4054 592 4129 usurpantur,
604 4051 782 4113 veterrimas
796 4052 922 4128 formas,
936 4050 1053 4113 etiamsi
1062 4050 1280 4114 recentioribus

170 4151 352 4229 repugnent,
376 4149 553 4229 quotidiano
576 4166 635 4213 usu
657 4148 824 4212 familiares
843 4149 948 4230 factas,
964 4150 998 4212 in
1014 4150 1145 4231 reliquae
1159 4150 1280 4230 linguae

208 4343 234 4397 l.
253 4340 310 4399 Seu
322 4341 458 4413 primmc'o
475 4342 551 4416 qnod
565 4342 670 4401 dicitur
683 4342 714 4400 in
728 4343 852 4410 ἂβέματι.
