3078 5054
621 545 780 607 ...44-

148 676 276 753 illosque
288 691 336 737 res
349 672 454 745 dedier
466 674 544 735 mili
557 689 684 752 exposco
695 695 710 729 a
721 690 769 753 ap.
787 673 854 735 lio.
871 671 894 734 l.
912 672 1017 754 32‚ed.
1027 671 1250 741 Weissenborn.

149 770 349 835 -ednoillas
363 771 438 837 dedo
452 787 460 832 :
476 770 611 851 quolibet
624 771 758 837 arnoiatn
768 787 875 851 perme
889 772 1034 852 exquire»
1048 771 1125 851 (Ter.
1137 771 1255 851 Hecyra

149 880 178 934 5.
195 876 223 933 2.
240 876 270 950 7,
286 871 334 935 ed.
349 869 578 951 Umpfenhaoh).

186 968 224 1032 In
241 991 256 1026 n
275 970 386 1032 studiis
407 969 526 1032 deditus
542 991 557 1025 a
574 972 702 1048 uterque
715 985 824 1032 sensns
838 969 985 1047 reounit;
1006 967 1118 1031 etenim
1136 970 1201 1033 tam
1219 967 1256 1028 de

146 1085 182 1137 eo
195 1068 298 1149 agitur
313 1090 328 1127 e
343 1068 396 1147 qni
410 1071 507 1130 lotum
529 1084 561 1128 se
575 1065 631 1129 dot
646 1067 756 1133 studiis
772 1090 786 1125 n
801 1083 894 1148 quam
909 1067 946 1129 de
958 1082 993 1130 eo
1011 1088 1026 1122 o
1041 1066 1144 1146 quise
1157 1066 1254 1129 totum

147 1164 237 1228 addit
249 1166 282 1231 in
297 1165 418 1229 studiis.
436 1188 451 1223 6

185 1263 201 1345 5
221 1267 271 1327 ll.
294 1262 408 1342 adore,
432 1264 605 1339 ἐκῆιθέντος
618 1266 675 1340 est,
694 1262 787 1325 nond
806 1263 946 1339 -διδόντος
963 1278 971 1324 2
992 1260 1202 1329 «Clanculum
1215 1278 1255 1324 ee

146 1363 272 1426 aedibus
295 1378 344 1423 me
366 1359 453 1427 edidi
465 1359 579 1442 soros»
598 1362 660 1438 (Pl.
678 1360 878 1440 Mostellaria,
896 1367 925 1423 3.
941 1367 971 1423 2.
989 1369 1018 1440 9,
1034 1361 1080 1424 ed.
1097 1359 1253 1441 Remsay).

148 1495 187 1509 -
201 1461 343 1540 indignos
356 1475 421 1522 esse
433 1460 596 1539 putandos,
612 1460 714 1523 vivam
734 1459 910 1539 progeniem
923 1457 977 1539 qui
990 1462 1024 1521 in
1047 1476 1116 1521 oros
1128 1459 1256 1525 luminis

148 1557 243 1627 adona
258 1581 274 1619 n
292 1554 407 1638 (Luor.,
424 1563 453 1628 2.
469 1561 540 1636 646,
555 1557 601 1618 ed.
618 1554 750 1638 llunro).
766 1590 806 1602 -
822 1578 837 1612 n
854 1556 881 1618 is
894 1556 980 1619 oollis
1048 1555 1206 1635 paululum
1219 1573 1255 1619 ex

146 1655 277 1736 planicie
297 1656 396 1717 editas
419 1678 434 1712 n
461 1654 553 1732 (coes.
576 1654 614 1716 de
636 1655 674 1716 B.
703 1655 753 1732 G.,
782 1661 811 1716 2.
835 1661 864 1716 8.
889 1661 919 1731 3,
935 1654 981 1716 ed.
1007 1652 1199 1733 Nipperdey).
1213 1688 1253 1701 -

150 1777 164 1810 6
183 1752 275 1835 (oves)
292 1770 389 1833 noque
402 1753 444 1814 ali
458 1769 554 1832 noque
567 1750 845 1832 susianlari'neqne
856 1753 955 1815 ullum
969 1753 1102 1815 innolum
1117 1751 1203 1814 edere
1216 1769 1255 1814 ea

148 1867 181 1921 se
206 1852 273 1913 sine
289 1853 373 1914 onitu
395 1851 554 1913 hominum
575 1856 605 1913 ei
626 1852 778 1914 curatione
797 1855 949 1931 possent»
971 1850 1094 1930 (Cicero,
1123 1852 1161 1911 de
1177 1848 1252 1912 Nat.

147 1949 234 2028 Deo,
251 1956 279 2011 2.
299 1956 348 2012 63.
366 1952 435 2028 ⁴58,
451 1950 498 2011 ed.
514 1948 630 2031 Orelli).
948 1938 950 1945 ’
1304 1954 1310 1966 “

187 2046 202 2126 5
223 2052 271 2108 42.
289 2046 414 2108 In-dere
428 2065 438 2106 :
454 2048 612 2110 ev-aeevon
628 2063 635 2107 :
655 2069 669 2102 e
686 2045 762 2109 Inde
778 2048 880 2126 ignem
893 2048 925 2108 in
947 2063 1045 2126 aram,
1061 2049 1095 2109 ut
1108 2046 1256 2126 Ephesiae

148 2143 262 2207 Dianae
283 2144 361 2209 laeta
375 2145 479 2207 laudes
495 2167 510 2201 a
529 2143 582 2223 (Pl.
598 2143 687 2205 Miles
695 2145 856 2223 ploriosns,
872 2151 901 2209 2.
917 2151 946 2206 6.
963 2148 994 2222 l,
1012 2145 1058 2206 ed.
1075 2145 1198 2223 Fleek.).
1216 2179 1255 2189 -

150 2241 287 2304 «Vincla
309 2243 429 2320 fasciae,
452 2259 545 2322 quam
566 2243 677 2321 pectori
697 2244 876 2319 detraxerat,
900 2243 932 2305 in
953 2242 1077 2305 modum
1099 2242 1199 2322 laquei
1217 2242 1256 2305 ad

148 2356 256 2403 arcum
270 2341 360 2403 sellae
377 2341 512 2404 restricto
526 2341 636 2405 indidit
649 2342 823 2405 cervinam»
841 2334 985 2421 (Taoilns,
999 2339 1125 2420 Annae„
1138 2346 1186 2403 lu.
1203 2345 1255 2420 67,

186 2537 383 2615 iata-dotus,
397 2553 458 2599 non
472 2543 670 2618 compositam
679 2542 725 2601 est
737 2538 926 2617 voeabulnm,
942 2538 993 2600 sed
1001 2541 1253 2617 jonato-positum,

148 2653 167 2698 a
183 2634 324 2699 Lucretio
338 2638 491 2696 creatum:
507 2636 664 2716 quodnisi
682 2639 771 2713 esset,
797 2639 918 2698 sonaret
931 2636 1095 2697 interdices
1109 2655 1120 2697 :
1135 2657 1150 2692 o
1166 2652 1257 2716 prop·

147 2737 229 2795 terea
241 2732 358 2812 eapitur
372 2732 457 2794 cibus
471 2735 505 2794 ut
519 2733 674 2797 suffulciat
689 2737 776 2796 artus
787 2737 817 2796 ei
826 2737 938 2796 recreet
948 2733 1032 2797 vires
1044 2733 1252 2796 iader-dolas»

152 2827 192 2909 (l.
210 2835 277 2908 867,
294 2829 340 2890 od.
359 2827 486 2908 Munro).
1167 2842 1169 2847 ·

189 2927 203 3007 5
224 2932 271 2990 la.
296 2925 411 2989 Obdore
427 2943 434 2987 :
450 2930 658 2991 ante-sebenno.

190 3023 374 3089 «Pessulnm
382 3027 460 3088 ostio
470 3024 568 3088 ohdo⁴
584 3024 688 3100 aller.
702 3025 782 3088 Eun.
800 3033 828 3089 3.
845 3034 874 3089 5.
890 3033 939 3106 66,
953 3027 1000 3090 ed.
1021 3024 1252 3109 Umpienheoh).

186 3123 202 3204 ᾖ
223 3129 271 3197 ll.
295 3123 443 3185 Per-dere
459 3144 473 3178 o
487 3139 610 3202 pessum
634 3124 713 3186 dare.
733 3146 748 3179 n
766 3123 820 3186 Hie
838 3140 903 3186 esse
924 3125 1038 3203 διδόναι,
1063 3141 1124 3187 nou
1144 3129 1255 3187 τιθέναι

145 3222 244 3298 docet,
264 3221 353 3283 sinon
375 3236 529 3300 «pessum
550 3221 621 3283 dare
634 3244 649 3277 a
662 3219 686 3295 ²,
711 3223 790 3283 eerle
812 3222 996 3285 sanseritum
1013 3222 1155 3302 pora-dd
1173 3226 1255 3303 qnod

145 3318 225 3382 idem
239 3319 319 3381 valed
331 3322 422 3399 alque
430 3319 576 3399 por-dero
592 3315 654 3400 (ma
674 3336 714 3382 no
734 3336 807 3401 enyo
821 3320 1007 3384 anukdmam
1021 3323 1102 3400 pora
1115 3319 1171 3383 dcis
1187 3320 1257 3401 [lug

146 3416 238 3496 voda,
255 3425 284 3480 8.
306 3423 353 3479 la.
371 3419 400 3494 8]
420 3434 428 3478 ε
445 3440 460 3473 o
476 3434 579 3484 nenos
591 3418 708 3481 inimici
721 3419 761 3481 ad
774 3422 878 3482 votnm
889 3420 1017 3498 per-dos
1035 3419 1073 3498 nl.

184 3515 385 3595 praa-ditas:
402 3513 676 3596 (prao)-doaotas³.

183 3781 208 3837 l.
234 3779 312 3837 Hine
337 3797 344 3835 :
369 3800 381 3834 6
407 3779 538 3837 claudere
560 3801 592 3850 »;
618 3780 753 3838 dixerunt
776 3780 902 3853 primum
926 3798 933 3836 ε
957 3782 1029 3836 ostio
1056 3780 1123 3853 qaid
1144 3780 1257 3836 obditos

147 3869 344 3944 (ob-ponitur),
361 3869 464 3927 deinde
479 3893 485 3927 :
503 3871 603 3925 ostium
618 3871 796 3943 lep-ponitur)
813 3869 946 3927 ob-daer.

181 3959 208 4016 2.
224 3957 268 4016 ef.
291 3958 375 4030 inira,
396 3958 410 4032 Ξ
431 3959 467 4016 22
488 3959 523 4016 ad
544 3958 563 4014 f.
580 3990 614 4000 -
637 3958 695 4015 Per
707 3959 812 4033 duplex
828 3964 893 4016 est:
912 3960 944 4015 in
958 3961 1117 4032 per-ficere,
1133 3965 1177 4016 est
1190 3960 1255 4027 περί,

146 4064 214 4105 sser.
235 4049 313 4120 pori,
337 4048 520 4122 «usquead
544 4049 632 4106 finem
657 4068 689 4118 »;
710 4049 742 4105 in
762 4058 944 4120 per-nortae,
962 4049 1092 4120 per-dere
1115 4056 1159 4106 est
1178 4051 1255 4116 παρά,

148 4153 217 4195 ssor.
228 4137 303 4209 perd
319 4156 331 4190 a
347 4136 473 4211 oblique,
488 4144 562 4195 torte
578 4157 601 4193 s.

184 4228 209 4285 3.
227 4227 301 4284 (lum
314 4226 436 4284 ablativo
451 4229 511 4297 rei;
527 4234 621 4299 antea,
637 4227 804 4300 sinednhio,
820 4243 886 4285 oum
900 4228 1077 4287 nominativo
1091 4228 1143 4301 rei,
1160 4229 1254 4287 dativo

149 4331 287 4389 personae
299 4336 306 4384 ς
319 4333 362 4373 res
371 4317 503 4388 prandea
511 4319 568 4385 soit
580 4318 684 4374 666666·
694 4317 859 4391 priusquam
869 4324 945 4375 esset
958 4318 1036 4374 domo
1052 4336 1082 4373 re
1091 4318 1238 4390 praeditos
1245 4342 1255 4381 ,-
