3078 5054
629 576 787 671 -ldf

102 750 113 769 .
190 700 472 783 mnscsuouprer
488 702 681 783 copulabat,
696 702 782 782 prius
807 699 849 784 pn
863 702 1023 783 singulari)
1039 718 1110 765 cum
1123 684 1262 782 raupta-

152 801 270 863 catione
282 804 313 864 et
325 817 398 864 cum
410 800 511 864 radice
524 800 654 881 integra,
670 801 751 863 unde
767 816 775 861 :
789 799 957 879 dodo-mo,
973 799 1116 882 ‹to-ddsi,
1132 798 1263 864 dada-o·

149 915 229 981 quae
248 900 289 963 ad
312 899 648 979 littaramrespondent
668 915 776 979 graeco
796 900 943 981 ilde-pr,
964 900 1089 978 dido-c,
1110 900 1260 980 δί-δω-σι;

150 997 281 1060 alterum
307 997 350 1073 (iu
371 996 493 1078 plurali)
518 997 613 1077 quod,
637 1000 673 1059 ut
695 997 727 1059 in
751 997 915 1077 slavicae
941 997 1076 1060 radicali
1087 1013 1261 1078 suppressa,

150 1099 369 1158 consonantem
392 1095 502 1158 radicis
525 1112 595 1158 cum
615 1095 849 1174 reduplicatione
871 1095 1022 1159 inunum
1046 1097 1138 1176 cogit,
1158 1096 1261 1158 unda:

148 1193 305 1272 dod-moa,
321 1193 444 1256 dotato
459 1193 522 1272 [pro
542 1191 713 1276 *dud-tta),
736 1193 928 1275 umorquae
949 1193 1263 1276 respondentslarico

149 1291 292 1371 ded-md,
307 1290 411 1354 das-te
426 1292 491 1371 (pro
504 1290 634 1372 dod-te),
650 1290 773 1353 dod-eti
783 1290 807 1353 ¹.

190 1390 320 1454 Zondica
333 1407 454 1472 quoquc
476 1391 644 1469 reduplicat
658 1391 789 1453 radicem
805 1391 849 1452 ita
869 1391 994 1469 ur1cum
1015 1390 1163 1454 musorita
1184 1389 1264 1453 dicat

151 1487 371 1571 dc-dlbld-cnt,
386 1488 574 1569 dc-dlbldbti
590 1487 1065 1572 l‘do-ddmi,*dudd-tt,dlbopr,
1079 1488 1199 1571 δίδωσι),
1209 1491 1264 1552 eut

150 1605 222 1651 cum
240 1590 351 1652 slavica
363 1589 471 1672 daed,
490 1590 534 1669 (ex
548 1588 667 1670 dod-tt,
683 1588 758 1653 slav.
775 1587 900 1670 dos-tl.

192 1690 275 1763 528.
304 1686 390 1750 Hauc
416 1687 684 1767 reduplicationem
716 1687 810 1751 latina
838 1688 942 1769 lingua
969 1687 1094 1751 omnino
1120 1687 1261 1767 ignorat3

150 1786 344 1866 nequeenim
363 1786 426 1849 huc
439 1786 629 1849 referendum
644 1790 689 1849 est
708 1787 874 1867 perlectum
896 1786 972 1865 dedi,
997 1789 1031 1851 in
1049 1803 1110 1868 quo
1128 1785 1264 1867 redupli-

150 1886 229 1947 catio
252 1889 298 1948 est
320 1887 476 1964 temporis,
499 1889 535 1948 nt
555 1887 586 1946 in
603 1880 752 1966 pre-perd,
778 1902 841 1948 non
864 1890 966 1948 autam
994 1886 1146 1965 tbemota's,
1175 1889 1210 1948 ut
1229 1885 1263 1947 in

149 1987 284 2064 pipo-0.
302 1981 399 2054 Quam
413 1986 514 2045 tamen
537 1985 790 2064 conjugationem,
820 2000 994 2065 quanquam
1020 1985 1139 2047 nullum
1169 1982 1264 2065 hujus

152 2081 315 2161 uestigium
325 2082 420 2143 latina
429 2082 534 2161 lingua
544 2081 687 2159 servavit,
699 2081 725 2143 ei
735 2097 854 2161 semper
865 2082 999 2145 defuisse
1008 2081 1090 2145 haud
1100 2082 1264 2145 verisimile

152 2188 208 2257 est,
220 2196 316 2260 quum
330 2196 438 2242 omnes
449 2182 582 2241 caeterae
593 2179 714 2259 linguae
726 2183 895 2260 sequantur
905 2195 913 2240 ε
925 2179 988 2242 imo
999 2180 1039 2243 ad
1048 2181 1135 2242 urhis
1148 2182 1262 2260 portas,

154 2276 226 2340 haec
240 2277 315 2341 vivit
327 2277 437 2341 adhuc.
463 2276 602 2340 Umbrica
615 2278 699 2340 enim
711 2277 859 2341 dialectos
873 2276 964 2340 habet
982 2275 1058 2354 mdo
1074 2275 1194 2359 (derso),
1210 2276 1263 2339 ubi

153 2376 250 2439 latina
271 2374 344 2452 den
368 2374 465 2454 cautu
491 2373 610 2456 (diruta)
635 2375 687 2439 ubi
711 2377 807 2439 latina
828 2376 922 2456 doto,·
942 2376 1052 2454 didono
1072 2373 1162 2452 didos
1188 2372 1263 2455 (dtr-

151 2491 222 2535 oons
249 2473 358 2554 diruas)
389 2474 441 2537 ubi
470 2474 564 2537 latina
589 2472 688 2536 deot²
700 2494 714 2552 ;
744 2491 822 2555 quae
850 2475 965 2537 formae
998 2474 1091 2537 latine
1120 2476 1263 2536 sonarent

152 2570 284 2653 *did-ot,
301 2572 445 2651 *did—iio,
477 2572 653 2651 *did-cnm
682 2573 755 2635 itam
786 2573 885 2635 oscica
915 2596 922 2634 ε
952 2571 1051 2634 didest
1079 2571 1201 2635 «dabit
1225 2593 1259 2652 n,

150 2670 255 2733 forsan
277 2671 369 2733 etiam
396 2670 479 2733 didet
503 2693 518 2727 c
545 2672 631 2734 dat»
655 2695 691 2723 =
714 2670 840 2735 *διδ-επ.
871 2669 999 2751 [Sophus
1021 2668 1133 2751 Bugga,
1155 2669 1260 2747 Kolta,

152 2767 337 2847 Zettschrtst,
353 2775 404 2848 22,
421 2770 501 2849 loo).

193 2869 207 2942 ξ
229 2872 277 2930 29.
301 2866 339 2928 Ut
352 2883 421 2930 vero
442 2871 545 2948 posset
565 2870 649 2930 vetus
663 2868 738 2930 haec
756 2867 928 2949 conjugatio
941 2867 974 2928 in
992 2865 1086 2929 latina
1107 2866 1218 2947 negligi
1234 2870 1264 2928 et

151 2964 276 3045 aboleri,
289 2965 417 3041 sneoesse
436 2969 500 3028 erat
521 2966 603 3029 hano
622 2983 687 3029 non
707 2967 833 3029 unicam
851 2966 957 3045 luisse,
980 2971 1010 3028 et
1033 2965 1126 3028 luisse
1142 2968 1263 3044 praesto

150 3064 434 3145 aliumconjugandi
443 3047 566 3127 modurn
575 3066 664 3146 cujus
673 3065 706 3127 in
716 3065 861 3128 alllnibus
871 3065 984 3145 linguis
992 3064 1263 3144 vestigiainvenirc

151 3160 249 3224 liceat.
275 3161 456 3244 Hujusmodi
480 3164 609 3244 vestigia
631 3163 666 3225 in
689 3180 797 3244 graeca
822 3163 926 3242 lingua
952 3162 1037 3225 nulla
1060 3162 1158 3239 rideo,
1183 3161 1262 3223 nihil

150 3260 233 3341 quod
255 3260 336 3340 ‹la-t,
361 3261 489 3336 rio-mua,
518 3265 574 3324 eto.
590 3265 803 3341 repraesentet.
826 3259 929 3323 Altius
950 3261 1044 3341 igitur
1070 3263 1260 3340 repetamus,

153 3359 268 3421 slavica
281 3360 433 3421 declarare
445 3359 567 3422 videtur
581 3376 644 3423 non
659 3360 771 3422 latinae
785 3359 841 3422 soli
855 3359 1001 3422 directam
1019 3358 1262 3439 conjugationem

150 3455 183 3518 in
198 3457 299 3519 radice
313 3455 355 3517 do
369 3457 463 3520 fuisse
476 3462 591 3521 notam.
607 3456 693 3530 Quod
708 3459 734 3520 si
750 3458 832 3519 enim
853 3457 1011 3538 pleraeque
1032 3457 1148 3519 lormac
1171 3455 1262 3518 redu·

189 3625 215 3684 l.
228 3623 365 3698 Neglsoto
380 3623 473 3683 nasali
487 3642 557 3684 sono
571 3626 621 3700 qni
637 3625 669 3683 in
688 3625 826 3684 sanserito
841 3624 931 3682 deest.
953 3656 987 3667 -
1001 3624 1081 3683 Haec
1100 3624 1262 3683 thematum

152 3730 221 3773 cum
234 3728 354 3772 numero
370 3714 518 3772 conversio
532 3716 563 3771 in
576 3730 678 3787 graeca
691 3714 725 3771 fit
737 3730 861 3789 quoque,
877 3729 1041 3788 quanquam
1056 3714 1130 3773 clare
1146 3714 1261 3784 minus,

151 3820 242 3878 quum
265 3803 371 3861 vocalis
396 3803 527 3861 radicalis
555 3803 741 3861 contrahatur
762 3804 860 3876 modo,
884 3820 943 3861 non
968 3804 1085 3862 tollatur
1109 3827 1116 3861 :
1140 3803 1208 3863 hinc
1231 3804 1262 3861 in

151 3892 289 3965 singulari
304 3895 385 3954 διδω-,
402 3893 433 3950 in
447 3891 548 3966 plurali
563 3895 638 3950 odo.

187 3982 214 4040 2.
230 3982 325 4054 Brdal,
342 3981 598 4055 detrectasse.
618 3983 653 4040 In
667 3982 796 4040 umbrica
815 3982 914 4056 lingua
932 3982 1062 4041 dmodie
1079 4000 1148 4042 voce
1158 3999 1261 4041 sonum

152 4072 307 4147 quamdam
330 4072 503 4146 peculiarem
530 4072 640 4130 obtinet
667 4072 716 4147 qui
741 4071 843 4130 litteris
871 4071 969 4129 latinis
993 4078 1109 4130 notatur
1138 4089 1189 4146 per
1217 4090 1261 4145 rr,

153 4160 274 4219 etruscis
297 4177 349 4235 per
371 4161 486 4234 signum
505 4161 581 4236 quod
603 4159 754 4219 transcribi
777 4161 850 4218 solet
872 4162 906 4241 d,
923 4160 1000 4240 tedia
1023 4162 1142 4220 sonabat
1163 4161 1260 4242 cadim

153 4259 236 4310 vetus
251 4250 330 4310 enim
344 4251 505 4311 embricum
518 4252 619 4311 molles
638 4258 828 4313 consonantes
849 4268 867 4309 a
887 4251 966 4309 duda
989 4251 1020 4309 in
1042 4253 1181 4325 scriptura
1203 4267 1262 4308 non

155 4341 299 4400 discernit.
