3078 5054
268 691 434 752 mutatione
457 690 576 751 errent
597 686 717 749 facilius
731 687 875 766 integras.
895 685 994 767 Hujus
1008 686 1230 768 conjugationis
1249 687 1377 767 vestigia

268 787 402 850 offerunt
414 786 530 849 radices
544 784 594 859 ed,
609 802 650 863 os,
666 781 725 864 sor,
741 802 814 863 pou,
829 784 946 845 uel-ool
952 802 966 860 ;

347 884 409 946 ed:
490 901 520 944 eo
532 905 567 932 =
582 882 660 944 *ed-s
677 881 779 963 led-is)
794 904 802 959 ς
820 887 864 942 art
877 902 912 929 =
927 880 1009 942 *cd-t
1028 880 1119 959 (ed-ii)
1134 901 1142 958 ;

490 978 606 1042 estio:
621 980 727 1042 *ed-tis
740 979 861 1059 (ed-itis)
878 1001 886 1057 3
901 997 961 1068 ecce
974 1005 1009 1033 =
1023 978 1122 1041 *cd-se
1142 978 1272 1059 ledere).

348 1099 377 1141 cs
393 1100 404 1141 .·
492 1097 523 1140 ee
536 1106 575 1131 =
590 1080 665 1139 *es-s
673 1099 687 1158 ,·
701 1084 784 1155 os-t‚·
799 1081 885 1140 cetis
893 1097 907 1154 ;
917 1095 1001 1140 cs-oo.

348 1178 395 1255 fer
410 1195 421 1238 .·
490 1176 564 1253 fer-o
575 1195 588 1255 ,·
601 1177 698 1256 ser-t;
713 1173 813 1256 ser-tio
821 1194 834 1256 ;
848 1176 943 1253 far-re
960 1173 1096 1253 lien-sel.

346 1292 407 1353 poa
426 1293 437 1334 :
490 1277 659 1354 inquo-m.

268 1371 400 1433 θθῖθοὶ1
486 1373 531 1430 oio
543 1394 579 1421 =
593 1371 705 1448 ’θεῖ-ες
720 1370 796 1432 uelle
807 1394 842 1422 =
853 1369 981 1448 *ccl-cc;

343 1463 346 1468 ’
486 1468 584 1547 ool-t;
600 1469 713 1529 vol-tic.

308 1565 387 1628 llaec
409 1569 456 1629 ast
476 1568 650 1646 conjugatio
671 1583 708 1628 ex
736 1581 799 1646 qua
820 1566 930 1646 pendet
951 1564 1014 1628 lere
1037 1567 1135 1628 tolum
1148 1565 1231 1627 dora.
1253 1563 1309 1642 Ita,
1342 1566 1375 1627 in

268 1665 370 1742 eece,
389 1665 522 1743 ddecus,
548 1665 686 1743 dci-dam,
714 1663 821 1743 dci-do,
838 1664 856 1724 ἅ
871 1662 950 1725 nihil
963 1679 1123 1726 commune
1144 1663 1234 1725 habet
1256 1679 1326 1725 cum
1340 1679 1377 1725 ea

267 1764 362 1825 recall
384 1763 516 1844 quaein
537 1763 666 1841 ome-re,
692 1763 854 1838 amenus,
881 1761 1045 1839 ame-bem,
1063 1761 1184 1822 ome-do
1204 1779 1214 1820 :
1238 1763 1283 1823 esi
1296 1761 1376 1822 enim

269 1861 389 1939 radicis,
415 1877 477 1923 non
499 1861 652 1922 thematis.
675 1858 751 1935 Hinc
773 1859 948 1921 concludere
975 1859 1044 1920 licet
1067 1858 1142 1920 dire
1164 1875 1230 1921 esse
1250 1857 1376 1921 verbum

269 1961 359 2038 cujus
374 1958 461 2020 radix
474 1959 515 2021 sit
528 1959 582 2035 dci,
598 1963 628 2021 θῖ
641 1958 723 2038 quod
737 1959 883 2019 directam
897 1960 1041 2036 sequatur
1059 1957 1314 2036 conjugationem.

308 2057 352 2118 Ex
368 2058 425 2120 hac
450 2058 549 2120 radice
563 2057 605 2117 dci
619 2057 696 2118 aliae
710 2060 781 2119 sunt
797 2073 874 2136 quae
888 2056 1037 2133 oriantur,
1060 2055 1105 2117 vel
1121 2059 1206 2118 extra
1228 2059 1377 2136 coniuga-

269 2155 393 2233 tionem,
410 2155 532 2218 formae.
548 2154 649 2227 Ouum
663 2172 680 2216 e
693 2155 776 2218 nuda
792 2155 891 2217 radice
905 2153 1014 2231 Latini,
1031 2170 1083 2233 per
1096 2153 1207 2215 suffixa
1228 2158 1304 2233 -tor,
1319 2158 1375 2234 -ta',

268 2256 364 2327 -ta'ou,
388 2258 447 2330 -to,
471 2254 588 2334 agentis
600 2258 629 2315 et
651 2253 759 2333 agendi
773 2254 897 2314 nomina
909 2252 1078 2314 informare
1096 2252 1226 2332 possint,
1242 2252 1284 2314 iia
1308 2256 1377 2315 ute

268 2351 368 2413 radice
391 2368 442 2429 au,
458 2367 484 2412 e.
502 2369 545 2430 g,
570 2354 695 2413 manent
717 2354 822 2428 octor,
848 2353 952 2425 ccc-tio,
968 2355 1095 2428 ccc-tas,
1111 2350 1214 2411 eadem
1231 2349 1377 2412 rationes

269 2449 369 2511 radice
382 2449 424 2509 dci
445 2452 569 2510 manant
583 2450 702 2525 da-tor,
718 2447 832 2525 dc-tio,
849 2444 1001 2537 dota-d,-
1017 2449 1138 2528 negligo
1153 2449 1287 2511 derivata
1300 2465 1377 2528 quae

176 2564 183 2571 ’
268 2563 284 2608 θ
309 2546 467 2626 participio
489 2547 630 2625 pendent,
656 2548 689 2608 ui
709 2538 843 2618 dci-tore,
870 2545 1019 2606 ‹ie-tutem
1042 2545 1067 2624 (a
1094 2547 1226 2607 invicem
1244 2547 1374 2609 dando»

268 2643 396 2723 Nonius,
427 2651 465 2707 96
491 2644 538 2705 ed.
564 2641 760 2724 Ouicherat);
785 2640 968 2704 cli-tareni
978 2662 992 2721 ‚·
1012 2648 1132 2706 notetur
1154 2661 1224 2707 vcro
1242 2645 1377 2707 dci-tinas

272 2740 310 2818 (d.
335 2740 440 2819 tutor),
461 2742 542 2820 quod
565 2741 667 2803 forsan
686 2757 722 2802 ex
742 2741 855 2803 amisso
868 2741 970 2801 ‹it-tt-
984 2742 1091 2819 oritur,
1106 2743 1188 2822 quod
1202 2742 1331 2804 recurrit
1343 2741 1376 2803 iu

270 2838 428 2899 ale-detur
444 2837 631 2918 [lliomedesl.

308 2935 323 3015 5
344 2943 372 2998 3.
391 2935 493 3015 Neque
506 2951 578 2998 vero
594 2936 707 3016 jamin
726 2938 789 2998 toto
803 2937 893 3000 verbo
905 2939 1012 3017 regnat
1033 2936 1203 3017 conjugatio
1222 2936 1334 2998 directa
1347 2939 1377 2998 θῖ

268 3034 354 3097 radix
373 3034 465 3096 nuda.
489 3031 524 3094 In
537 3034 698 3097 nonnullas
714 3034 839 3114 formas,
855 3035 887 3095 in
906 3052 998 3097 unam
1022 3038 1113 3113 certe,
1135 3035 1251 3114 primae
1270 3036 1376 3115 conju-

304 3246 328 3302 l.
354 3243 449 3302 Radix
472 3245 692 3318 indoeuropaea
711 3254 755 3304 est
777 3265 829 3301 vac
851 3246 893 3312 (in
914 3246 1052 3305 sanserito
1075 3247 1242 3317 vri-nc-mc'),
1257 3247 1377 3320 quaein

268 3333 416 3407 europaeis
431 3333 537 3406 linguis
552 3333 659 3407 duplici
668 3334 753 3392 modo
768 3333 894 3392 vocalem
909 3335 1084 3406 immutavit,
1096 3334 1173 3392 unde
1182 3335 1287 3408 duplex
1296 3334 1377 3391 radix

267 3423 311 3478 nel
332 3423 379 3477 col
393 3447 401 3478 .·
417 3439 452 3480 ex
473 3422 568 3481 radice
581 3424 624 3479 cel
637 3423 763 3496 pendent
785 3424 911 3498 geticum
931 3424 1053 3496 nile-eo
1070 3443 1082 3477 u
1103 3422 1177 3482 velle
1193 3444 1217 3495 n,
1232 3418 1377 3482 'slavicum

267 3510 361 3566 nel-iti
377 3532 388 3564 a
405 3510 488 3583 velle,
504 3512 644 3584 imperare
661 3532 672 3567 n
686 3529 693 3584 3
710 3528 745 3569 ex
766 3513 860 3570 radice
879 3513 934 3584 ool,
950 3513 1127 3570 homericum
1144 3515 1263 3579 βόῖ-εται,
1292 3514 1374 3578 ἐ-βόλ-

267 3619 331 3663 θντο,
361 3600 500 3658 slavicum
523 3601 609 3656 vol-io
634 3620 646 3654 u
672 3602 805 3658 voluntas
834 3622 858 3672 a,
887 3603 982 3657 veliti
1008 3602 1116 3672 (velle).
1145 3601 1249 3658 Latina
1278 3600 1377 3674 lingua

267 3697 420 3764 utramque
441 3689 567 3748 radicem
590 3691 621 3746 in
642 3706 700 3746 uno
722 3697 752 3747 et
775 3689 876 3748 eodem
899 3691 984 3749 verbo
1006 3691 1124 3748 adhibet
1143 3714 1150 3747 ε
1169 3691 1215 3746 ool
1237 3691 1268 3747 in
1291 3691 1375 3762 vol-o,

266 3780 387 3843 ool-cot,
410 3780 556 3851 ccl-adam,
571 3780 695 3843 ool-ow
708 3778 753 3835 vel
766 3780 797 3836 in
810 3781 863 3851 vlo,
877 3782 982 3853 vel-im,
996 3782 1115 3852 uel-lem,
1130 3781 1208 3837 vel-le
1215 3800 1227 3849 ;
1246 3780 1377 3838 umbrica

267 3869 382 3926 habete
402 3869 433 3925 in
454 3868 598 3924 eli-vellen
614 3888 626 3922 c
642 3868 749 3941 rogatio
765 3889 797 3938 ,3
821 3870 960 3927 eli-cel-to
976 3891 987 3924 c
1004 3870 1153 3944 proponite
1170 3890 1182 3924 s
1199 3869 1305 3940 (Breal,
1320 3869 1375 3924 Leo

269 3957 368 4014 Tables
381 3956 550 4031 Repudiatus,
565 3958 608 4028 le,
625 3957 698 4022 ill).

302 4048 328 4104 i.
344 4047 373 4103 Is
387 4046 467 4103 mille
481 4064 602 4103 numum
617 4063 648 4102 se
661 4063 782 4104 aureum
794 4048 860 4106 Meo
874 4048 942 4106 datu
956 4049 1007 4106 tihi
1018 4049 1124 4106 ferre...
1137 4049 1230 4106 aiebat
1244 4047 1374 4119 (Plautus

269 4135 451 4207 Trinummua,
467 4136 492 4191 5.
510 4135 536 4192 i.
554 4135 597 4206 16,
612 4135 656 4193 ed.
673 4135 864 4202 Fleckeisen).

303 4226 331 4283 3.
357 4224 429 4294 Eho,
453 4223 501 4280 An
523 4241 582 4282 non
602 4225 681 4297 prius
711 4226 834 4283 salutas?
858 4255 893 4269 -
920 4225 1036 4284 Nullast
1057 4225 1130 4284 mihi
1153 4227 1231 4285 salus
1260 4225 1369 4285 dataria

268 4313 322 4382 (Pl.
339 4313 503 4383 Pseudolus,
519 4315 545 4370 4.
562 4313 587 4369 2.
606 4314 650 4386 13,
666 4313 711 4370 ed.
727 4314 917 4380 Fleckeisen).
