3078 5054
647 592 686 603 ..
705 560 726 621 7
745 593 785 604 ..

161 691 292 773 gationis
299 690 437 772 ὢναλογία
445 691 577 770 irrepsit.
591 690 670 753 Hinc
680 690 732 771 do,
741 707 796 772 pro
805 690 890 753 tlt-m
899 694 953 754 aut
961 692 1049 753 dd-en
1060 691 1108 771 (cl.
1118 695 1265 771 inquo-m,

56 837 60 842 .
161 787 296 866 αα[α]αν];
314 808 329 843 c
345 788 419 848 ditm
439 791 493 851 aut
505 789 577 850 dom
592 811 607 845 ν
623 789 743 868 scripsi,
762 789 834 868 quia
855 789 1004 870 ejusmodi
1027 789 1212 869 conjugatio,
1232 788 1267 851 ln

160 886 395 966 quibuscunque
416 886 529 966 linguis
550 884 660 965 riget¹,
675 885 787 949 radicis
801 889 935 949 vocalem
955 887 1045 949 habet
1064 886 1096 948 in
1117 885 1267 966 singulari

160 1001 290 1047 numero
302 985 492 1064 productam,
517 985 551 1046 iu
564 984 675 1064 plurali
690 987 884 1047 contractam.
900 984 976 1048 Hinc
989 987 1022 1047 in
1036 1000 1141 1065 graeca
1155 999 1163 1044 t
1180 986 1268 1066 φη-μί
1325 972 1328 978 ’

159 1084 242 1165 oct-ul
266 1080 364 1161 (radix
382 1081 443 1162 plat
461 1081 553 1162 plaut),
569 1083 621 1144 sed
636 1086 739 1164 φα-μέν
756 1079 851 1162 (radix
866 1082 942 1164 plati)
956 1081 989 1161 ²3
1012 1084 1084 1147 hinc
1105 1081 1268 1163 conjectari

158 1181 231 1242 licet
244 1180 419 1243 veterrimas
432 1179 529 1243 fuisse
540 1179 613 1243 olim
627 1179 741 1243 formas
750 1176 860 1258 *datum
869 1179 1095 1264 deusdet-til),
1110 1182 1152 1243 ita
1162 1184 1196 1242 ut
1205 1180 1268 1242 sint

159 1277 232 1340 dte
241 1276 324 1340 *dut-t
334 1277 380 1357 (i),
391 1294 454 1339 non
462 1282 595 1341 recentes
603 1294 658 1358 per
671 1278 824 1359 ἀναλογίαν
834 1279 976 1342 inductae
986 1279 1110 1358 formae,
1120 1279 1269 1343 sedreter·

160 1377 255 1438 rimae
268 1391 303 1438 ac
312 1377 529 1457 pree-tottam,
542 1392 640 1440 unum
654 1379 756 1439 autem
768 1376 809 1438 dri
822 1379 1033 1457 camoenarum
1043 1381 1074 1440 et
1086 1378 1208 1441 aliunde
1218 1377 1270 1439 irl-

162 1475 286 1537 ductum
302 1490 369 1537 essa
384 1474 532 1539 videatur.

167 1582 171 1588 “
200 1572 255 1636 llat
275 1571 399 1635 verbum
418 1570 503 1635 aliud
524 1571 617 1651 quod,
636 1587 732 1652 quum
748 1571 833 1650 olim,
849 1576 884 1634 ut
896 1573 1059 1637 verisimile
1080 1577 1138 1651 ast,
1159 1572 1271 1635 directe

162 1673 390 1752 conjugaretur,
406 1671 438 1732 in
451 1670 585 1749 primum
599 1670 738 1733 ordinem
751 1673 849 1733 totum
870 1672 993 1734 transiit
1009 1687 1016 1731 :
1033 1669 1115 1733 stote
1133 1670 1268 1748 scilicet3

161 1770 251 1848 cuiue
270 1768 401 1830 radicem
416 1768 511 1830 fuisse
524 1768 573 1829 stt
588 1771 739 1831 testantur
750 1769 928 1832 etiamnunc
941 1762 1052 1830 stri-tor
1072 1769 1118 1848 (ci.
1139 1766 1268 1847 uti-tor),

161 1867 292 1928 steti-te
304 1865 522 1942 (accusativum
532 1866 666 1929 nominis
676 1866 806 1927 *steti-s
814 1869 958 1946 ατάαι-ς),
969 1868 1074 1928 stt-tto
1087 1867 1134 1946 (el.
1145 1864 1269 1942 att-uo),

160 1962 330 2025 att-lutum
356 1963 506 2042 [stationis
532 1963 625 2043 locus)
640 1961 663 2024 ³.
689 1962 728 2024 At
749 1963 798 2026 vis
822 1963 986 2044 ἀναλογίας,
1012 1981 1047 2026 ex
1071 1966 1147 2027 stet-s
1169 1962 1268 2040 'stuta

161 2076 317 2141 aggressa,
331 2063 462 2123 caeteras
472 2060 585 2123 formas
599 2058 715 2138 iniecit,
731 2059 772 2122 ita
788 2064 822 2123 ut
832 2060 958 2124 verbum
975 2063 1071 2123 totum
1091 2060 1122 2122 iu
1135 2061 1270 2142 primum

163 2158 301 2221 ordinem
313 2158 467 2241 transiret.
484 2157 569 2229 Quot
579 2159 616 2224 in
629 2157 679 2219 sti
689 2158 804 2221 factum
818 2158 875 2237 est,
887 2158 919 2220 iu
935 2157 977 2219 dci
991 2158 1056 2222 fieri
1068 2150 1198 2239 coaptum
1212 2162 1269 2235 est,

165 2271 229 2317 non
245 2271 315 2318 rem
330 2255 416 2335 longe
430 2260 610 2335 grassatum.
715 2259 718 2265 ’

696 2528 738 2608 II.

207 2720 274 2790 Cur
284 2723 459 2808 composita
469 2721 560 2788 verbi
573 2723 662 2789 dure
675 2721 802 2798 tortium
813 2721 1066 2809 conjugationem
1079 2722 1271 2809 sequentum

205 2926 263 3006 tl.
280 2924 484 3005 ilompositum
503 2926 629 2988 verbum
652 2925 799 3005 simplicis
813 2925 1055 3006 conjugationem
1069 2926 1155 3006 sequi
1169 2926 1243 2988 solet
1261 2943 1268 2987 :

164 3040 200 3086 ex
213 3024 340 3101 sore-ue,
364 3021 507 3102 mon-ec,
528 3021 648 3102 leo-i-s.
672 3020 792 3085 attic
811 3021 889 3087 fiunt
910 3020 1068 3101 racanato,
1089 3021 1270 3110 admon-ee,

164 3121 360 3201 intellec-io,
383 3117 561 3200 Μανιῶν-3,·
575 3138 611 3183 ex
629 3121 770 3201 stt-mus,
789 3121 824 3183 fit
842 3121 1020 3184 adstet-mus.
1036 3119 1073 3184 ln
1087 3122 1176 3185 verbo
1198 3123 1272 3184 dare

163 3235 225 3281 nou
259 3220 358 3297 item,
386 3235 483 3299 neque
509 3219 622 3281 dicitur
645 3219 840 3299 *cadimus
874 3220 1068 3299 *αά-άᾶὁααι,
1104 3220 1269 3299 *ud-dito,

163 3315 343 3396 *oct-ditus,
369 3317 422 3379 sed
436 3305 604 3395 ud-dtmus,
620 3314 798 3398 acl-aetam,
822 3317 965 3398 ert-dam,
979 3318 1141 3395 aduttum
1163 3319 1194 3381 id
1212 3322 1270 3399 est,

164 3416 330 3496 composita
343 3414 462 3478 tertiam
476 3419 655 3496 sequuntur.

200 3615 226 3670 l.
242 3612 361 3683 Graeca,
376 3609 524 3682 samarita,
540 3609 666 3682 mendica,
681 3616 711 3668 et
724 3612 848 3678 σποραδήν
861 3612 963 3684 getica.

198 3701 226 3759 2.
247 3701 322 3758 Item
340 3717 357 3759 e
375 3700 470 3759 radice
487 3702 531 3751 ru
553 3719 565 3753 r
586 3700 700 3758 novisse
722 3720 746 3772 r,
768 3702 858 3752 Fore-e
871 3701 971 3766 (οἶδ-α),
989 3701 1039 3759 sed
1059 3701 1159 3766 Fit-pes
1173 3702 1271 3768 (ῐδ-μεν,

163 3792 273 3858 ῐα-μεν);
289 3790 320 3846 iu
334 3791 487 3862 causante,
512 3805 548 3846 ex
561 3788 662 3846 eadem
686 3789 781 3847 radice
793 3791 851 3860 cte,
866 3791 965 3846 uui-du
979 3790 1077 3861 (novi),
1102 3790 1153 3848 sed
1170 3791 1272 3846 uid-mu

165 3878 339 3952 (novimus);
354 3881 386 3937 in
399 3880 515 3937 zendica
528 3878 626 3935 υαέὠᾶ
644 3878 742 3950 (nori),
766 3880 867 3950 vtio-tu
884 3880 1012 3951 (novisti,
1037 3878 1152 3951 Fuisse),
1177 3877 1272 3936 sedin

165 3967 283 4042 reliquis
298 3968 397 4026 formis
406 3970 463 4025 vict.
475 3969 549 4026 ltem
564 3969 595 4025 in
609 3968 702 4041 getica
717 3984 724 4024 :
739 3969 799 4023 vuit
813 3969 912 4039 (nori),
925 3969 1024 4026 vit-om
1037 3969 1203 4037 (norimus).

202 4058 228 4115 3.
244 4059 310 4116 Non
330 4058 387 4116 huc
401 4058 538 4116 traxerim
552 4058 670 4130 ettam,
685 4057 813 4115 umbrica
826 4060 929 4130 cufim
945 4074 1018 4132 quae
1041 4058 1197 4129 diviserim,
1212 4074 1272 4115 non

166 4146 199 4204 in
223 4147 333 4203 tii-bula
354 4150 462 4220 stu-sta
486 4148 535 4205 sed
557 4148 667 4204 tab-ula
689 4148 798 4218 atas-la,
822 4164 838 4205 e
858 4146 952 4205 radica
973 4147 1035 4203 stab
1049 4150 1117 4221 stuf,
1133 4146 1273 4204 sanserita

166 4237 248 4293 stult
264 4257 275 4288 a
294 4235 404 4307 fulcire,
429 4237 530 4295 sistere
545 4257 579 4305 »3
601 4253 675 4310 quae
688 4242 786 4294 utrum
808 4239 957 4294 cumcito
979 4237 1089 4310 origine
1111 4236 1270 4309 cohaereat,

168 4342 276 4397 ennon,
291 4323 364 4382 nihil
378 4325 414 4382 ad
427 4335 498 4383 rem.
