3078 5054
238 369 258 409 Ι

631 535 789 593 ..24-

159 663 285 743 slavica,
301 678 417 743 grassa,
431 665 460 725 ct
474 664 507 724 in
520 663 635 744 aliquot
646 664 755 727 italicis
770 664 906 727 dialectis
920 686 927 741 3
944 664 1028 727 illam
1042 668 1155 743 autem,
1169 667 1201 728 in
1210 668 1268 729 sla-

158 761 224 824 vica
245 764 275 823 et
296 762 330 824 in
353 777 459 841 graeca
485 777 670 842 oppressam,
693 762 727 825 in
753 764 847 825 letina
874 763 970 825 solam
989 779 1144 843 regnasse,
1174 765 1269 828 altera

157 874 310 939 oppressa.
326 857 507 923 Idenautem
521 860 595 922 haec
609 876 753 941 oppressa
766 857 843 936 fuit,¹
851 862 923 941 quia
936 860 1180 940 reduplicationis
1193 879 1269 925 usus

154 960 220 1039 jam
235 974 299 1020 non
314 957 348 1019 in
363 958 484 1038 linguae
497 958 652 1020 communi
668 976 728 1021 usu
742 962 808 1021 erat
823 975 830 1020 :
847 975 945 1039 neque
954 960 1019 1040 jam
1031 960 1113 1020 enim
1126 960 1269 1041 intelligit

155 1055 313 1120 Romanus
335 1056 368 1118 in
388 1059 501 1135 pipere,
526 1061 610 1135 serit,
632 1057 719 1134 bibit,
734 1073 801 1120 esse
824 1056 955 1120 redicem
970 1057 1198 1138 reduplicatam‚
1214 1075 1269 1121 nec

156 1155 249 1218 sentit
265 1176 280 1210 e
297 1157 407 1216 rest-it
423 1177 437 1210 a
453 1155 558 1216 eadem
574 1171 609 1216 ex
624 1155 748 1217 materia
762 1155 876 1218 factum
890 1172 951 1236 qua
967 1178 982 1210 a
996 1161 1075 1218 ct-et
1092 1180 1120 1217 a.

185 1251 296 1332 ¹Ipsius
309 1258 409 1316 autem
423 1254 517 1334 hujus
532 1253 615 1316 verbi
629 1259 726 1315 eto-ee
748 1258 779 1316 ct
792 1254 994 1333 reduplicatee
1009 1255 1121 1318 formae
1136 1259 1270 1318 stete-re

156 1350 341 1429 exemplum,
363 1350 437 1430 quid
460 1351 495 1412 in
511 1348 582 1411 dere
601 1351 754 1427 acciderit,
770 1350 846 1412 sinit
861 1353 1024 1431 conjectari
1039 1368 1046 1413 :
1062 1352 1121 1414 fuit
1142 1355 1220 1415 certe
1235 1353 1269 1414 in

149 1448 361 1528 proto-latine
378 1446 488 1527 lingua
511 1448 636 1511 verbum
660 1447 785 1523 *cudere
800 1447 903 1510 eodem
916 1448 1006 1510 modo
1028 1448 1191 1511 formatum
1208 1465 1269 1529 quo

154 1549 288 1607 sect-ere
312 1548 342 1607 et
364 1545 550 1624 respondens
573 1546 707 1608 umbrico
727 1544 816 1625 ete-eg
831 1562 927 1625 quum
941 1562 1008 1608 vcro
1021 1550 1103 1607 ctare
1117 1549 1148 1607 ct
1165 1550 1269 1608 sistere

155 1662 244 1708 suam
268 1645 326 1706 sihi
358 1641 607 1723 significationem
635 1644 790 1722 fecissent,
816 1644 915 1724 potuIt
946 1645 1046 1707 vivere
1080 1648 1267 1724 utrumquc3

154 1760 253 1823 quum
275 1747 378 1805 contra
398 1741 500 1804 *di-clo
523 1746 552 1804 et
572 1743 608 1804 do
627 1760 722 1805 unam
735 1743 932 1823 eamdemque
945 1759 1011 1804 rem
1030 1743 1266 1823 indicarentpet,

155 1847 192 1905 ut
206 1843 248 1904 ita
261 1841 370 1919 dicam,
387 1858 450 1903 uno
465 1841 626 1921 eademqne
639 1841 748 1920 pabulo
760 1842 905 1919 viverent,
920 1841 1092 1903 factumest
1107 1841 1269 1921 «struggle

155 1940 202 2002 for
215 1939 266 2000 life
282 1962 310 2016 o,
336 1937 373 2000 de
385 1943 451 2001 utto
464 1944 635 2015 certamem·
656 1939 757 2001 debuit
780 1939 961 2002 alterutrum
985 1939 1070 2002 alteri
1089 1939 1212 2016 cederc3
1233 1956 1269 2001 ea

154 2039 230 2101 uicit
254 2038 350 2100 forma
369 2054 447 2118 quae
469 2037 601 2099 validius
621 2038 653 2098 in
675 2039 825 2099 certamen
847 2041 963 2099 armata
976 2042 1050 2115 erat,
1073 2038 1104 2099 id
1126 2041 1173 2099 cst
1193 2054 1269 2117 quae

156 2136 271 2198 circum
296 2151 328 2198 se
351 2135 456 2214 plures
478 2134 607 2196 habebat
633 2134 783 2211 surculos,
810 2152 827 2196 e
855 2151 887 2197 se
912 2138 1027 2210 enatos,
1055 2135 1167 2214 quippe
1190 2152 1269 2215 quae

157 2234 278 2314 saepius
291 2234 481 2313 loquentium
494 2232 599 2311 labris,
609 2232 796 2295 audientium
809 2233 935 2296 auribus
945 2237 1117 2296 occurreret
1128 2251 1136 2310 3
1149 2233 1268 2296 vincere

156 2331 270 2393 scilicet
278 2331 381 2393 debuit
394 2330 491 2392 torma
500 2329 627 2409 simplex
636 2346 729 2411 quam
739 2330 935 2411 protegebant
944 2330 1046 2393 omnia
1057 2330 1110 2393 illa
1123 2330 1268 2393 vocabula

155 2430 285 2492 aradios
305 2428 388 2493 nuda
408 2434 483 2508 orta,
508 2427 625 2508 ‹le-tor,
648 2429 757 2507 cla-tio,
778 2433 835 2492 etc.
860 2434 888 2492 et
911 2429 971 2492 alia
993 2429 1099 2506 vocali,
1127 2427 1265 2506 donum,

156 2527 222 2589 ‹lo-c
236 2527 261 2606 ⁴,
276 2533 330 2591 etc.

582 2730 622 2813 '2⁰
641 2721 686 2784 De
715 2721 826 2783 Voeale'.
933 2747 936 2753 ¹

196 2925 210 2996 t
231 2925 280 2984 31.
303 2918 350 2983 Ad
362 2920 496 2984 vocalem
509 2922 710 2982 transeamus.
726 2917 833 2980 Latina
846 2921 892 2980 est
907 2918 938 2996 t,
953 2934 1060 2997 graeca
1075 2941 1110 2998 u,
1126 2941 1151 2980 c.

194 3019 250 3081 Hie
287 3035 358 3081 vero
393 3018 518 3080 latinam
550 3018 801 3097 indo-europaeae
830 3016 1000 3096 propiorem
1024 3017 1142 3079 stetisse
1172 3033 1266 3097 quam

155 3133 293 3197 graecam
308 3116 409 3178 statim
424 3120 555 3196 apparet.
572 3114 628 3178 Illa
650 3116 730 3177 enim
745 3131 872 3194 nequeo
890 3130 986 3193 neque
1000 3111 1019 3174 ό
1032 3117 1167 3190 noverat,
1187 3130 1265 3193 quae

155 3215 286 3292 vocales,
306 3219 339 3277 ut
351 3233 367 3276 e
378 3220 407 3276 et
423 3219 450 3293 e,
466 3215 674 3276 tantummodo
689 3218 848 3293 postquam
863 3213 967 3291 lingua
980 3211 1216 3290 indo-europaoa
1232 3212 1265 3271 in

155 3314 233 3376 duas
257 3313 351 3376 scissa
370 3318 426 3392 est,
449 3314 605 3376 asiaticam
619 3316 648 3373 et
662 3327 854 3390 europaeam,
871 3327 907 3371 ex
926 3309 1052 3389 antiquo
1066 3326 1098 3387 c,
1114 3309 1133 3370 rt
1149 3312 1268 3370 anemae

155 3414 255 3474 sunt:
285 3414 349 3471 erat
369 3411 461 3490 igitur
486 3409 571 3471 radix
596 3408 827 3487 indo-europaea
850 3406 900 3482 do,
920 3423 1012 3486 quam
1033 3406 1141 3483 latine,
1166 3405 1266 3484 quoad

154 3509 269 3572 vocalis
295 3512 446 3585 naturam,
470 3524 532 3570 non
552 3510 700 3569 mutatam
721 3506 833 3583 refert3
858 3520 935 3584 quae
952 3504 1043 3566 luerit
1056 3505 1123 3584 ejus
1136 3521 1156 3564 e
1169 3520 1266 3584 quan-

154 3608 239 3685 titas,
263 3607 378 3669 clarum
406 3605 511 3668 minus
536 3623 544 3665 ι
574 3605 716 3667 asiaticae
745 3604 826 3665 enim
853 3603 975 3682 linguae
1000 3603 1121 3682 longam
1154 3601 1265 3682 ubique

153 3706 284 3768 habant:
302 3703 383 3767 cle-tt
399 3702 480 3781 (dat),
498 3686 602 3764 detetur
619 3702 734 3781 (dator),
751 3700 891 3764 decem
907 3698 1059 3782 (donum);
1076 3702 1149 3763 sunt
1164 3704 1265 3761 temen

154 3805 188 3865 in
202 3801 261 3882 Rig
274 3800 355 3864 Vada
368 3800 482 3862 formae
496 3799 660 3877 imperfecti
675 3815 752 3878 quae
765 3800 896 3862 radicem
907 3799 946 3860 dt
956 3802 1091 3879 arguunt
1106 3823 1113 3857 z
1130 3795 1263 3873 cdo-eu,

153 3899 271 3979 erle-c,
289 3898 406 3977 e-clet,
430 3915 560 3978 quarum
575 3899 608 3959 in
623 3899 721 3960 locum
745 3916 781 3959 cx
795 3899 894 3961 radice
909 3897 952 3959 det
966 3897 1185 3975 expectandum
1206 3896 1265 3958 tuit

153 3998 280 4076 ouem,
304 3995 410 4077 odo-s,
437 3994 568 4058 ecc-et.
596 3994 633 4058 In
659 3998 816 4076 europaeis
839 3995 952 4087 linguis
976 3998 1049 4059 sunt
1066 3996 1137 4058 item
1152 3994 1265 4081 formae

193 4214 216 4267 r.
235 4211 279 4267 ne
292 4209 406 4283 quihus,
422 4210 486 4268 vus
499 4179 583 4281 infra,
599 4213 613 4283 p
628 4211 671 4267 ar.

191 4299 218 4355 2.
234 4299 366 4356 Addetur
381 4305 409 4355 et
424 4299 555 4356 ‹le-trem
571 4321 583 4353 ι
600 4300 707 4357 donum
725 4319 736 4352 r
753 4298 829 4372 quod
843 4313 943 4371 graece
957 4306 1072 4357 sonaret
1085 4301 1206 4364 δο-τρο-ν.
1256 4348 1259 4352 .
