3078 5054
728 511 887 568 ..222-

786 700 830 766 V.

554 905 610 972 us
633 904 864 972 ossousms
888 904 1054 973 nonnus
1086 874 1090 895 ¹

298 1112 347 1180 Ad
361 1111 519 1180 obsoletos
532 1111 651 1179 formas
665 1117 866 1179 transeamus
882 1134 889 1178 :
907 1114 933 1179 I.
952 1072 1077 1189 elonit,·
1095 1113 1138 1180 ΙΙ.
1157 1113 1268 1180 etnim.

796 1316 820 1377 Ι.

294 1497 370 1576 §35-
387 1492 466 1558 Sunt
480 1494 631 1558 obsoletae
645 1495 761 1557 formae
774 1495 876 1574 duait,
889 1495 1022 1573 dannot,
1036 1494 1163 1575 domm,
1178 1512 1254 1576 quae
1263 1497 1366 1561 thema

254 1594 335 1672 dune
349 1590 441 1675 (tertii
455 1592 578 1672 ordinis)
593 1596 738 1673 arguunt.

294 1689 406 1753 Itanum
421 1691 588 1775 formarum
604 1690 680 1752 haee
703 1694 750 1752 est
762 1690 852 1767 ratio,
867 1693 903 1751 ut
916 1691 1009 1753 radici
1021 1691 1063 1752 du
1075 1692 1203 1754 addatur
1221 1692 1365 1757 suffixum

254 1809 292 1852 ne
301 1808 315 1867 ;
331 1790 373 1853 ita
387 1793 422 1852 ut
436 1789 479 1849 dci
502 1789 607 1851 eodem
628 1791 718 1851 modo
744 1792 891 1850 tractetur
912 1805 973 1869 quo
987 1790 1140 1869 radiensi,
1166 1810 1226 1870 cer,
1243 1793 1278 1869 n,
1298 1792 1363 1873 pte,

254 1892 317 1967 qui,
351 1891 388 1965 si,
414 1905 495 1967 sper,
521 1891 594 1964 ster,
623 1891 692 1964 tem,
719 1887 798 1949 unde
817 1888 1034 1966 prod-inunt,
1064 1894 1215 1970 oar-anot,
1238 1891 1363 1970 linunt,

254 1985 461 2064 eante-nunt,
476 1988 685 2063 ne-qut-nuot,
701 1988 836 2074 simunt,
845 1990 1017 2066 sper-anot,
1031 1991 1199 2065 ster-naut,
1211 1992 1367 2050 tem-nunt

256 2083 448 2162 (scotaicum,
465 2083 563 2162 5293,
580 2081 642 2161 IV),
658 2086 687 2144 et
699 2083 804 2144 eadem
828 2084 943 2146 rationo
956 2085 1066 2147 dieitur
1078 2085 1157 2146 dont
1170 2090 1200 2147 et
1216 2085 1365 2164 ‹to-nunt,

254 2198 315 2261 qua
328 2182 441 2261 -pte-nt
454 2183 484 2242 et
496 2180 664 2260 -pteauot,
680 2186 770 2241 e-uot
787 2184 816 2242 et
829 2185 948 2243 imunt.

294 2278 371 2342 Haeo
386 2282 488 2341 autem
502 2279 596 2340 radioi
610 2278 723 2340 additio
738 2280 932 2342 consonantis
945 2297 967 2339 o
980 2279 1013 2341 in
1023 2280 1186 2343 indicativo
1202 2282 1367 2360 praesentis

254 2383 284 2441 et
293 2379 326 2441 in
334 2377 525 2456 temporibus
537 2392 616 2457 quae
625 2375 700 2437 iude
708 2379 837 2438 manant
848 2393 910 2439 non
919 2379 1042 2457 propria
1051 2382 1097 2440 est
1107 2378 1365 2465 latinaatinguao;

255 2493 361 2558 graeca
385 2475 458 2537 item
482 2475 556 2554 agit,
575 2490 673 2554 quum
694 2474 774 2536 dieat
798 2475 933 2538 ἔ-πι-ν-ον
946 2479 976 2537 et
999 2476 1121 2553 ἔ-πι-ον,
1146 2478 1313 2556 ἔ-καμ-ν-ον
1338 2482 1368 2540 et

255 2578 403 2655 ἔ-καμ-ον,
419 2573 583 2636 ἔ-δακ-ν-ον
597 2577 627 2635 et
641 2573 780 2652 ἔδακ-ον,
794 2574 953 2653 {men-aon
966 2578 996 2635 ot
1009 2575 1155 2654 {msa-ov,
1171 2579 1241 2654 oto.;
1257 2575 1367 2638 slavica

253 2674 366 2754 pariter
389 2673 423 2734 in
436 2672 597 2751 detq-oo«
616 2687 721 2734 moveo
736 2694 752 2727 a
773 2688 790 2734 o
810 2672 910 2734 radiae
934 2672 1006 2752 ἀνίᾳ
1027 2674 1149 2753 (detq-ri
1174 2696 1188 2729 u
1209 2674 1289 2736 mori
1314 2676 1365 2750 »);

255 2772 352 2852 gotioa
382 2770 413 2831 in
440 2769 602 2848 fruito-a
632 2791 647 2824 u
676 2785 767 2849 poseo
796 2792 811 2826 a
850 2786 867 2832 o
899 2770 999 2832 radiae
1025 2771 1099 2848 frat
1132 2768 1216 2850 (frola
1244 2768 1367 2850 fretum

257 2893 271 2926 a
286 2869 408 2949 poposci
423 2868 616 2947 poposcimus
630 2865 670 2947 s).
686 2865 836 2930 Omnibus
845 2869 877 2929 in
893 2868 941 2930 his
949 2869 1107 2948 exemplis,
1121 2886 1142 2930 o
1156 2874 1203 2931 est
1214 2870 1365 2951 reliquum

254 2984 289 3029 er
303 2965 468 3046 antiquiori
483 2964 599 3044 syllaba
619 2982 670 3040 no,
696 2981 749 3028 seu
772 2983 822 3043 oe,
846 2982 933 3044 quae,
959 2983 1056 3046 quum
1078 2968 1144 3047 ejus
1167 2968 1281 3030 vocalis
1305 2972 1366 3029 ter-

255 3064 430 3126 minationis
443 3062 540 3126 vooali
555 3061 728 3140 elideretur,
737 3064 775 3125 ad
785 3080 806 3123 o
816 3064 938 3126 reducta
948 3069 994 3126 est
1008 3081 1015 3125 :
1027 3064 1260 3146 indoeuropaea
1269 3066 1367 3129 forma

255 3167 318 3226 erat
335 3180 391 3223 -no
406 3178 483 3240 quae
506 3162 539 3222 in
561 3161 673 3224 radicis
693 3161 802 3223 formis
823 3165 948 3242 apparet
973 3167 1007 3224 ut
1028 3163 1221 3242 uritur-tui
1243 3187 1258 3218 r
1284 3166 1367 3244 oapi-

255 3268 343 3324 tur»
369 3265 455 3323 autu
482 3259 562 3338 capit
588 3258 686 3320 sibi»
718 3260 824 3338 (·natai
847 3287 887 3312 ==
908 3277 953 3340 gr.
987 3283 1089 3325 ·νε-ται
1112 3263 1146 3324 in
1172 3262 1364 3342 τέμ-νε-ται);

254 3361 450 3440 aurit-nato
475 3358 710 3438 «capiebatur»
738 3362 792 3420 aut
815 3358 980 3437 «capiebat
996 3357 1084 3421 sibi»
1112 3360 1227 3438 (ao-ta
1252 3388 1291 3412 =
1317 3376 1362 3440 gr.

253 3480 361 3535 -νε-το,
379 3457 411 3518 in
427 3456 594 3536 ἐτέμ-νετο).

294 3556 309 3637 5
331 3561 379 3617 36.
402 3552 507 3617 Restat
531 3570 674 3634 quaerore
697 3571 771 3617 num
793 3553 885 3615 latina
910 3554 977 3633 ipss
1000 3554 1104 3632 lingua
1128 3556 1250 3634 propria
1271 3557 1314 3634 vi,
1330 3572 1367 3618 ao

256 3658 362 3734 sponte
376 3669 442 3730 sua,
458 3653 590 3715 radicem
614 3653 672 3731 do-
695 3670 766 3715 oum
782 3653 968 3714 -oonsonanti
992 3670 1014 3713 a
1035 3655 1219 3734 conjungere
1245 3670 1367 3733 agressa

254 3753 357 3831 fuerit,
373 3767 412 3813 an
429 3754 504 3830 θέμα
526 3751 606 3813 rto-o
619 3768 655 3813 ex
668 3750 889 3832 antiquioribus
904 3750 1089 3829 temporibus
1111 3755 1257 3830 tanquam
1275 3752 1365 3813 here-

254 3851 340 3914 dium
353 3851 510 3929 acceperit.

293 3946 329 4011 In
353 3962 470 4025 graeca,
495 3947 528 4007 in
548 3945 672 4023 slaviae,
698 3948 731 4007 in
758 3946 928 4026 germanica
950 3945 1028 4008 nihil
1052 3962 1118 4008 esse
1140 3947 1260 4011 videtur
1284 3949 1365 4028 quod

254 4047 385 4109 radicem
398 4045 474 4106 don
485 4049 593 4124 arguat
603 4043 626 4105 ⁴.
643 4043 679 4106 In
691 4045 806 4124 ooltioa,
822 4044 908 4106 radix
922 4044 959 4105 de
975 4066 990 4100 a
1007 4059 1148 4124 poneres
1171 4047 1214 4125 (ε
1234 4046 1309 4125 dtu,
1326 4055 1364 4111 se

277 4198 314 4253 t.
330 4195 395 4253 Nisi
410 4194 481 4252 forte
494 4193 552 4252 huo
566 4194 775 4253 accensendum
785 4209 918 4268 graecum
932 4194 1015 4253 otoo-c
1030 4193 1106 4268 quod
1121 4195 1159 4252 sit
1169 4195 1265 4269 ipsum
1280 4196 1362 4253 latini

254 4285 332 4345 uerbi
345 4287 414 4350 θέμα.
