3078 5054
191 983 231 1048 In
262 983 442 1070 compositis
474 982 565 1049 vorbi
597 984 687 1051 dore
718 983 782 1051 duo
812 982 939 1052 diversa
966 986 1065 1053 verba
1090 988 1125 1053 in
1153 1008 1253 1054 unum

145 1087 312 1157 coaluisse.

187 1295 202 1368 s
229 1297 257 1354 6.
281 1290 413 1356 Verbum
435 1290 506 1354 dore
530 1293 563 1355 in
588 1293 763 1373 compositis
786 1293 936 1375 duplicem
960 1311 1081 1359 sensum
1105 1297 1251 1360 obtinet:

145 1390 236 1455 modo
262 1393 365 1454 actum
393 1389 497 1452 dantis
519 1390 651 1471 indicat3
682 1393 772 1456 modo
798 1398 949 1473 pomnen.
981 1393 1060 1458 Haec
1091 1394 1256 1475 composita

147 1505 367 1553 recenseamus.

187 1589 251 1663 57.
273 1586 389 1649 Abdere
415 1603 573 1668 nunquam
598 1593 644 1651 est
670 1590 873 1669 ἀπο-διδόντος,
902 1606 1022 1669 semper
1049 1590 1254 1667 ἀπο-τιθέντος,

149 1708 164 1740 a
180 1687 321 1764 ponentis
345 1686 448 1766 procul
469 1709 484 1743 s
502 1702 510 1747 :
529 1685 613 1748 «Ee
626 1692 786 1767 conspectu
800 1689 844 1750 eri
868 1689 896 1750 si
916 1688 962 1751 sui
986 1707 1017 1750 se
1038 1687 1253 1750 obdiderunt»

150 1783 296 1862 (Plautus,
318 1784 499 1862 Pendulus,
518 1789 547 1847 1.
570 1789 598 1847 7.
617 1791 645 1847 l.
669 1786 715 1847 ed.
737 1784 932 1868 Fleckeisen).
947 1821 986 1831 —
1009 1809 1024 1842 a
1044 1785 1255 1867 Pedestresque

148 1881 248 1960 copias
260 1880 387 1961 paulum
396 1883 433 1943 ab
441 1900 476 1944 eo
484 1883 547 1943 loeo
558 1882 679 1944 additas
687 1883 719 1943 in
730 1884 803 1947 locis
810 1884 1015 1963 superioribus
1031 1885 1220 1948 constituunt
1238 1908 1252 1941 s

150 1976 277 2058 (Caesar,
292 1979 339 2041 De
350 1979 429 2040 Bell.
445 1998 492 2059 9.,
508 1984 537 2042 7.
555 1985 593 2042 79
608 1981 656 2043 ed.
672 1979 863 2061 Nipperdey).

185 2076 275 2154 Hinc,
304 2093 399 2157 quum
422 2077 512 2139 lateat
541 2078 621 2157 quod
644 2079 746 2157 procul
774 2080 906 2157 ponitur,
931 2078 1055 2141 verbum
1079 2080 1255 2143 celationem

147 2175 308 2253 indicavit,
335 2175 387 2238 sed
402 2192 468 2238 eam
491 2192 569 2256 quae
590 2176 643 2237 ssat
663 2175 864 2238 retrahendo:
884 2198 899 2231 u
924 2193 1060 2256 pugnare
1083 2178 1254 2257 cupiebant,

147 2274 201 2336 sed
223 2276 301 2335 retro
326 2274 496 2334 revocando
517 2279 547 2335 et
568 2273 709 2336 abdenda
732 2274 883 2352 cupiditas
908 2277 972 2336 erat
988 2298 1003 2331 s
1021 2270 1067 2354 (T.
1083 2273 1201 2354 Livius,
1222 2282 1252 2337 2.

148 2377 187 2435 ld
202 2372 249 2433 ed.
266 2370 506 2452 Weissenborn).
534 2370 713 2435 conferatur
730 2370 907 2434 additions:
924 2391 941 2430 a
956 2370 1040 2435 filius
1101 2373 1255 2436 obditious

146 2474 299 2551 epatre»
318 2467 388 2551 (Pl,
404 2470 560 2544 Poenulus,
576 2468 654 2533 Prol.
672 2469 732 2550 66).

188 2571 201 2644 ἓ
222 2576 249 2631 8.
274 2569 411 2629 Aul-dere
434 2573 479 2631 est
501 2569 694 2648 ἐπι-τιθέντος,
718 2585 781 2630 non
805 2569 989 2644 ἐπι-διδόντος
1013 2590 1027 2624 s
1050 2570 1190 2649 ponentis
1204 2571 1254 2648 ad,

146 2667 291 2747 ponentis
301 2669 391 2747 juxte
407 2690 421 2723 a
440 2684 447 2727 :
466 2688 480 2721 c
500 2666 636 2746 (mortuo)
653 2684 730 2732 neue
744 2684 852 2730 aurum
865 2668 974 2729 addito
987 2690 1001 2724 s
1016 2668 1098 2746 (Tol).
1112 2667 1186 2747 Lep.
1199 2666 1258 2730 XII

9 2796 14 2802 ·
146 2781 196 2845 ap.
212 2763 321 2844 dicero,
338 2765 376 2825 de
388 2763 529 2844 Lepidus,
544 2763 583 2842 11,
600 2771 650 2844 2l,
667 2765 714 2827 ed.
728 2764 847 2846 Orelli).
860 2799 900 2810 -
912 2787 926 2821 c
938 2763 1088 2846 dunqucri
1102 2765 1257 2828 fortunam

149 2863 318 2940 adversam,
350 2878 412 2924 non
443 2862 602 2924 lamentari
635 2863 729 2925 decet.
756 2861 791 2925 ld
815 2863 875 2925 uiri
903 2866 950 2925 est
975 2862 1107 2925 officium
1133 2878 1140 2923 :
1169 2863 1257 2927 fletus

149 2959 289 3023 muliebri
304 2960 427 3038 ingenio
446 2959 566 3022 additu’
580 2965 609 3021 st
627 2983 654 3020 a.
674 2961 848 3038 (Pacuuius,
865 2977 914 3039 ap.
931 2959 1005 3038 (lic,
1024 2961 1200 3037 Tusculum..
1215 2959 1256 3039 ΙΙ,

146 3061 180 3121 21
200 3058 246 3120 ed.
263 3055 382 3137 Orelli).
397 3079 466 3112 -u
535 3058 610 3137 perii
627 3057 732 3137 miser,
746 3058 820 3138 quia
844 3058 1010 3137 pudicitiae
1032 3058 1126 3121 huius
1146 3058 1257 3120 uitium

145 3172 195 3219 me
218 3157 292 3218 hinc
305 3154 457 3218 absentest
477 3157 619 3218 additum
636 3180 650 3213 »
670 3153 723 3235 (Pl.
738 3154 861 3235 Amph„
877 3163 906 3219 2.
923 3162 952 3217 2.
970 3159 1040 3233 lle,
1057 3157 1104 3218 ed.
1121 3154 1254 3235 Ussing).

146 3287 185 3299 -—
205 3252 406 3333 «Anticipate
433 3257 522 3333 atque
544 3253 651 3316 addite
669 3255 796 3315 calcar»
831 3251 936 3328 (Varro
960 3269 1008 3331 ap.
1038 3251 1182 3331 Nonium,
1206 3252 1253 3316 ed.

145 3352 307 3423 Quicherat
318 3351 378 3431 76).
391 3373 452 3406 -u
464 3350 541 3422 Quoi
559 3367 608 3412 me
623 3351 777 3413 custodem
794 3367 865 3413 erus
884 3349 1010 3412 eddidit
1025 3351 1113 3412 miles
1135 3366 1253 3413 meus»

150 3450 210 3528 (Pl.
238 3448 327 3512 Miles
352 3450 512 3529 plor-iosus,
536 3455 564 3510 2.
589 3455 618 3512 6.
645 3454 682 3511 69
701 3449 747 3510 ed.
769 3447 893 3528 Fleek.)
913 3482 953 3493 -
973 3471 988 3504 a
1009 3447 1068 3510 llas
1093 3446 1254 3529 (epistolas)

146 3548 179 3609 in
217 3547 345 3610 eundem
379 3546 558 3609 fasciculum
585 3547 677 3610 velim
710 3547 847 3608 addes»
887 3544 997 3626 (Cicero
1027 3545 1070 3607 od
1095 3543 1172 3622 Art,
1204 3550 1253 3607 12.

146 3651 185 3708 63
209 3645 255 3706 ed.
272 3643 386 3723 Orelli).
404 3674 443 3689 -
469 3667 483 3699 u
505 3644 712 3725 Pergamaque
734 3643 915 3724 Iliacamque
934 3643 1018 3724 jugis
1041 3643 1119 3705 hano
1132 3642 1257 3704 eddidit

146 3759 277 3805 arcem»
306 3741 404 3821 (Virq.
430 3741 492 3804 Ea.
517 3749 544 3805 3.
569 3748 626 3805 336
651 3742 697 3804 ed.
719 3739 862 3822 Benoist).
885 3763 955 3796 -u
982 3739 1068 3802 Adde
1088 3757 1201 3804 manus
1222 3740 1255 3802 in

145 3842 247 3904 vincla
273 3856 371 3918 meas,
467 3857 602 3903 meruere
630 3844 750 3902 catenas
778 3838 932 3918 (Ouidius,
961 3838 1099 3917 Amores,
1128 3843 1157 3899 l.
1182 3843 1211 3901 7.
1238 3843 1250 3899 1

147 3941 195 4002 ed.
210 3937 345 4018 Merkel).

184 4036 262 4099 Hinc
288 4037 323 4098 tit
356 4036 526 4116 adjiciendi
557 4037 699 4114 verbum,
725 4037 799 4117 quia
825 4035 951 4115 adjicit,
981 4034 1035 4115 qui
1070 4035 1213 4113 ool-ponit
1242 4055 1254 4095 .·

147 4157 161 4189 α
248 4138 279 4195 et
302 4136 486 4198 consuetudo
510 4135 742 4214 exercitatioque
764 4133 921 4212 capienda,
948 4136 982 4194 ut
1002 4133 1074 4195 honi
1089 4133 1253 4194 ratiocina-

144 4238 223 4296 tores
236 4231 401 4295 offioiorum
414 4248 478 4295 esse
491 4232 644 4312 possimus
661 4235 690 4295 et
702 4230 855 4294 ced-dendo
875 4230 1122 4309 deducendoque
1136 4230 1249 4306 videre,

145 4348 222 4412 quae
236 4331 343 4411 reliqui
357 4346 478 4394 summa
489 4331 571 4394 fiat»
593 4330 662 4410 (Cio.
681 4328 740 4414 Off.
758 4334 786 4390 l.
809 4334 857 4392 16.
875 4334 912 4391 69
926 4330 972 4391 ed.
991 4327 1106 4407 Orelli).
1123 4327 1250 4389 Rarum·
